3475 5550
351 703 413 774 174
553 679 607 754 ld.
685 673 852 756 wald
893 695 1160 753 nutat

349 835 575 927 diesem-quae
602 838 1031 928 initiatarumtraduntur,
1052 855 1123 907 curn
1144 855 1201 926 per
1218 830 1251 905 se
1269 847 1307 908 tc
1323 847 1378 907 na·

348 941 418 998 tuta
447 924 745 1005 wordumsunt,
779 943 872 1011 quarn
898 943 954 1007 ea,
985 925 1371 1012 quaeconsequunturert

347 1011 418 1094 eit,
439 1025 515 1080 ,turn
541 1007 777 1075 facilius'etiam
803 1009 1084 1094 apprehenduntur.
1124 1013 1251 1076 Summa
1272 1011 1367 1093 i5iaut

344 1092 547 1248 lcp'pet‘,''quotl
561 1090 613 1158 hic
626 1094 666 1158 ab
684 1093 1018 1177 'ririiloteledocetur,
1040 1095 1116 1159 haec
1131 1095 1194 1161 eii:
1215 1097 1249 1161 ln
1265 1094 1369 1176 cuiue*

441 1177 486 1244 rei
499 1176 684 1248 traditrione
696 1179 881 1244 ordiendum
899 1177 966 1244 esse
978 1198 995 1242 a
1007 1179 1208 1246 clarioribus.
1223 1178 1275 1245 sed
1311 1195 1369 1244 uo·

346 1270 429 1340 niam
446 1259 808 1329 alladicunt'ur'clariora
826 1262 1029 1347 srmplicittr,
1049 1264 1107 1328 alia
1126 1263 1239 1329 nobis:
1258 1197 1367 1329 dilin-

349 1351 431 1436 cliun
447 1346 585 1438 explicat
603 1347 786 1412 sententiam
798 1345 880 1413 suam
889 1391 901 1425 ,
922 1349 1049 1424 ditent,
1070 1348 1280 1432 incipiendum
1296 1344 1367 1413 erse

346 1429 493 1504 nobleab
512 1431 567 1517 iis,
611 1450 670 1496 uae
695 1431 789 1498 nobis
807 1431 878 1498 sunt
893 1431 1040 1497 clariora.
1062 1433 1228 1515 quare-uhi
1250 1429 1361 1498 endon

348 1533 440 1588 munt
456 1531 565 1583 natura
582 1447 728 1595 glatiem,
750 1517 780 1584 dt
799 1515 912 1596 nobis,
932 1516 971 1581 ab
993 1516 1029 1581 iis
1046 1517 1231 1616 principium
1249 1517 1368 1583 ducent
1392 1529 1394 1538 '

345 1608 422 1678 mana
448 1599 532 1668 erit:
553 1598 824 1686 ¹quemadmodum
842 1600 1053 1667 matirematicr
1070 1595 1204 1669 faciunt.
1231 1601 1284 1669 Sin
1294 1597 1388 1686 Pelia,

345 1686 532 1768 nature,.&
560 1703 614 1767 per
631 1682 663 1747 se
680 1685 810 1750 clariora
832 1684 891 1752 smt
909 1732 919 1761 ,
947 1685 1004 1750 alia
1027 1687 1119 1751 nobis
1133 1731 1143 1765 ,
1157 1687 1196 1750 ab
1211 1684 1263 1765 ils,
1284 1697 1367 1770 quae

347 1771 439 1859 nobit
459 1768 591 1836 clariora
615 1766 704 1850 sunt,
734 1771 772 1836 ad
793 1787 832 1833 ca
852 1786 937 1855 quae
951 1785 1007 1855 per
1026 1769 1077 1851 se,
1099 1771 1254 1839 &natura
1272 1770 1367 1852 talia,

350 1851 551 1944 proficiscio
596 1853 702 1918 rtebit.
846 1883 849 1888 ·
908 1907 910 1914 .
1100 1856 1103 1864 '

391 1952 436 2004 au
455 1936 514 2022 lei]
583 1955 623 2000 nc
647 1935 692 2004 est
715 1935 790 2003 illud
803 1984 813 2018 ,
841 1936 930 2019 cujus
953 1938 1029 2005 colli
1052 1937 1121 2006 endi
1138 1940 1233 2024 gratia
1260 1939 1366 2007 omnia

350 2021 412 2096 illa,
429 2019 484 2091 oni
507 2028 556 2114 vap
578 2023 713 2117 maium
735 2021 980 2090 antecesserunt.
1024 1957 1106 2089 gum
1126 2028 1207 2089 enim
1233 2041 1364 2109 oportet

349 2104 616 2274 lilii-⁸⁸2⁰&
629 2103 1219 2275 litiiiiiruiiiiiiiilfflnii
1233 2106 1365 2280 iiiia}

494 2236 525 2278 ι,
1016 2248 1023 2257 ·
1091 2239 1102 2271 t

352 2273 573 2361 consequitur,
595 2288 630 2339 ut
643 2289 808 2358 oporteat,
829 2293 921 2355 tum,
947 2275 1000 2360 qui
1014 2278 1184 2342 commode
1204 2277 1366 2346 auditurus

349 2361 393 2428 cst
412 2361 452 2427 de
470 2359 569 2424 rebus'
583 2357 720 2425 honestis
733 2359 762 2426 a
774 2358 880 2442 justis,
904 2361 934 2428 dt
945 2409 955 2442 ,
977 2378 1041 2426 uno
1057 2362 1175 2442 verbo,
1194 2362 1365 2446 civilibus}

349 2446 441 2512 ironis
466 2441 605 2509 moribus
626 2441 800 2511 institutum
822 2442 901 2536 ense.
943 2445 1025 2511 Natu
1052 2444 1082 2509 in
1110 2446 1168 2511 hac
1183 2445 1364 2531 disciplina,

349 2548 416 2600 rem
439 2528 482 2594 ira
503 2524 535 2593 sc
555 2526 689 2605 habere,
721 2544 783 2600 ut,
814 2529 949 2612 exempli
978 2529 1094 2615 gratia,
1116 2531 1275 2597 amandam
1297 2529 1366 2600 erse

353 2611 630 2690 mediocritatem,
652 2609 808 2696 ¹fugienda
829 2627 995 2694 extrema,
1021 2608 1119 2685 haec,
1150 2615 1298 2699 inquam,
1332 2615 1364 2684 dc

345 2699 524 2784 similiapro
539 2696 890 2787 principiisponuntur:
911 2716 1044 2783 neque,¹
1064 2700 1177 2765 corita
1198 2702 1252 2782 iit,
1274 2717 1363 2767 catat-

348 2784 399 2854 sae
413 2782 495 2851 ullae
512 2781 690 2851 subtiliores
704 2784 927 2869 exquiruntur,
956 2802 993 2848 ac
1009 2801 1050 2850 ne
1067 2783 1196 2852 necesse
1220 2783 1266 2853 est
1291 2785 1359 2871 qui·

346 2872 431 2937 dern.
471 2867 537 2952 Jam
552 2866 598 2947 is,
619 2869 672 2949 qui
692 2865 774 2933 bene
790 2867 940 2932 educmus
961 2866 1028 2948 eil,
1050 2867 1173 2937 haec&
1195 2869 1286 2951 talia,
1306 2882 1363 2937 aut

350 2957 411 3042 iarn
431 2951 558 3037 cognita
572 2948 684 3031 habet,
705 2949 833 3019 autfine
846 2950 1187 3020 ulladifficultrtenlio
1209 2956 1363 3022 monente

345 3038 525 3129 percipiet,
563 3033 664 3119 iisque
688 3032 796 3101 libens·
817 3032 1012 3105 assentietur.
1061 3035 1181 3138 Quooii
1203 3040 1274 3123 quis
1296 3036 1363 3123 est,

350 3123 404 3211 qui
423 3134 567 3189 neutrum
583 3118 695 3184 horum
717 3116 868 3203 praeliare
885 3120 1002 3204 possit,
1030 3121 1128 3191 hosce
1143 3121 1248 3190 audiar
1268 3122 1361 3192 Heli·

348 3208 402 3276 odi
423 3201 549 3271 verius:
579 3201 638 3269 lile
661 3203 779 3285 quidem
800 3205 888 3291 longa
910 3212 1038 3291 optimas
1056 3208 1116 3291 est,
1145 3214 1198 3294 qui
1217 3206 1279 3293 ipse
1296 3204 1361 3273 onr-¹

348 3297 404 3360 nio
420 3292 515 3356 norit.
555 3287 615 3355 Sed
632 3289 754 3353 lonast
793 3293 884 3355 etium
905 3294 933 3358 r's
942 3338 954 3373 ,
979 3303 1071 3374 parer
1084 3298 1138 3377 qur·
1151 3292 1232 3358 retia
1245 3310 1365 3358 manen·

348 3380 386 3445 ri.
433 3374 481 3442 Aa
507 3375 561 3460 qui
585 3391 638 3437 nec
654 3385 712 3459 per
744 3379 889 3455 rnorir,
920 3395 974 3441 nec
988 3370 1228 3461 ssqatrneir'unr
1247 3377 1361 3456 audii,

345 3462 484 3539 litatem
501 3456 644 3535 adiubet,
665 3456 720 3522 nui
734 3476 749 3521 n
765 3460 793 3523 ir
811 3478 932 3525 numera
948 3456 1007 3612 pp,
1031 3462 1115 3528 nullo
1130 3463 1233 3528 ordine
1250 3461 1365 3529 luben

346 3551 414 3616 dur.
457 3540 548 3640 Apud
573 3538 744 3607 Hesiodum
774 3555 878 3610 tamen
903 3563 946 3633 po
1000 3545 1133 3628 primum
1158 3565 1266 3612 torum
1292 3563 1361 3612 ver-

344 3630 434 3701 suunt
465 3625 518 3692 bre
552 3622 663 3692 statim·
687 3624 821 3713 legitur,
855 3631 1050 3712 φμίμιο·
1077 3634 1110 3694 ni
1130 3641 1157 3693 ι’
1185 3636 1272 3695 inm
1291 3675 1303 3710 ,
1325 3632 1364 3729 '¹5

344 3724 372 3787 ’u
396 3716 481 3786 «iro»
512 3710 571 3773 oid·
599 3707 707 3786 epulan.
748 3712 810 3780 Sed
837 3731 898 3813 epo
926 3712 1051 3783 eumin
1084 3715 1204 3783 calamo
1229 3728 1363 3783 exarant

347 3794 526 3869 Aristotelis
557 3794 643 3860 libris
671 3812 735 3864 non
769 3816 895 3883 repert:
939 3818 1043 3884 neque
1078 3817 1170 3866 vetus
1207 3800 1363 3884 interpret

346 3880 510 3971 agnoscit:
552 3876 750 3961 Eustratius,
794 3882 860 3967 qui·
889 3897 1014 3950 ceteros
1047 3885 1259 3969 explicatione
1307 3881 1360 3949 sua

344 3964 558 4058 persequitur,
588 3963 671 4029 hunc
699 3983 763 4032 non
787 3966 925 4051 attingit.
973 3966 1121 4037 Clemens
1152 3983 1281 4055 quoque
1302 3967 1361 4036 lib.

346 4076 379 4141 3.
414 4047 585 4137 paedagogi
620 4065 689 4133 cap.
724 4054 756 4119 8.
790 4068 862 4117 cum
898 4050 957 4119 lros
991 4052 1098 4119 verim
1130 4055 1237 4132 citet,
1276 4052 1363 4119 hunc

295 4181 298 4189 =
344 4133 593 4228 praetermittit.
637 4134 667 4197 dt
703 4130 853 4201 Aristides
888 4144 957 4217 λέγῃ
984 4138 1074 4221 «μιᾳ
1106 4134 1168 4213 πμ*
1200 4142 1361 4219 imm-35,

348 4225 380 4291 dt
402 4216 599 4288 Plutarchus.
638 4216 716 4307 Quo
735 4216 800 4299 iit,
830 4234 866 4286 ut
887 4236 959 4289 tutu
980 4218 1111 4291 Hesiodi
1133 4219 1282 4289 essenon
1304 4238 1364 4306 pu·
