3475 5550
364 719 370 727 ,
499 679 505 686 ·
543 665 595 722 att
634 648 788 724 Antan.
830 646 1007 728 Eratca
1046 646 1193 720 court.
1307 665 1377 728 ‘roo

343 802 564 896 inspiciebat,
586 804 662 894 quid
686 805 841 957 mighem
855 824 992 905 coenam·
1001 822 1140 890 paratum
1155 803 1256 890 esset,
1276 825 1332 890 ac,
1353 805 1375 874 li

374 893 429 959 uid
448 894 551 958 nunus
575 891 661 958 telle
678 907 739 958 con
763 907 841 958 rtum
872 908 960 971 erat,
982 887 1048 975 ipse
1064 891 1107 957 de
1122 889 1177 956 suo
1195 892 1373 960 condiebat.

387 995 442 1044 um
456 977 501 1058 ita
516 973 641 1042 lustrata
656 976 752 1055 urbe,
767 975 900 1044 domum
926 972 1071 1042 reversus
1093 974 1285 1058 epulabatur.
1312 975 1383 1045 Hic

353 1079 434 1129 cunt
455 1059 624 1145 aliquando
648 1059 678 1126 E
701 1059 808 1126 hesum
836 1057 999 1139 venisset,
1030 1076 1069 1125 ac
1088 1057 1194 1126 forum
1211 1061 1379 1145 cupedina-

353 1145 438 1220 rium
463 1161 649 1212 vacuumo
693 1141 847 1224 ndislet,
880 1157 1085 1229 percontatus
1102 1143 1177 1228 quid
1199 1146 1279 1212 esset
1307 1147 1382 1226 rei,¹

351 1247 431 1300 cum
447 1226 642 1314 accepisset,
662 1228 813 1314 quicquid
832 1215 899 1294 clar
916 1229 1140 1309 obsoniorum,
1160 1230 1192 1297 iu
1212 1232 1306 1298 aedes
1320 1235 1374 1295 cu·

352 1313 503 1401 jusdam,
538 1312 593 1397 qui
627 1331 669 1380 nu
693 1315 752 1382 tias
782 1311 992 1394 celebrabat,
1026 1311 1164 1380 delatum
1189 1315 1278 1395 esse,
1311 1312 1376 1401 ipse

352 1417 513 1486 quoque,
538 1413 642 1482 quanq
684 1417 714 1463 m
732 1397 764 1463 bt
788 1396 928 1481 hospes,
948 1398 980 1465 ot
998 1397 1186 1478 invocatus,
1207 1399 1321 1466 eodem
1340 1399 1381 1472 ad

354 1483 523 1572 prandium
542 1477 706 1566 profectus
723 1478 789 1563 est,
812 1483 933 1552 &ctam
952 1482 1066 1548 ceteris
1082 1481 1242 1564 accubuit.
1283 1484 1377 1553 Cum·

380 1565 578 1636 uedominus
587 1564 669 1649 epuli
680 1611 692 1646 ,
714 1564 913 1651 eiusingenio
926 1564 1119 1648 delectatus,
1134 1563 1279 1638 dixisset:
1299 1569 1378 1635 l'lti·

354 1587 499 1728 ἵκευ,
526 1649 668 1738 nunquid
687 1668 756 1714 cras
789 1667 906 1736 quaque
945 1647 1097 1728 nobilium
1118 1652 1296 1735 epulaturus
1318 1651 1376 1720 esi

359 1739 476 1818 etiarn,
495 1734 617 1820 inquit,
629 1730 680 1814 fi,
699 1746 735 1800 ut
764 1733 875 1815 hodie,
897 1733 981 1801 nibil
1000 1738 1061 1800 erit
1081 1738 1116 1801 in
1135 1735 1270 1802 macella.
1313 1736 1376 1810 ltd-

364 1819 486 1896 hibitut
500 1819 540 1886 ad
555 1818 692 1888 nrensam
709 1817 876 1915 aliquando
899 1837 917 1884 a
936 1815 1092 1905 Dionyho
1117 1833 1131 1885 t
1170 1838 1269 1897 anno,
1301 1823 1376 1892 'cum

357 1903 416 1994 ἱρῇ
435 1903 564 2002 quidem
585 1901 742 1989 Dionysio
758 1920 917 1989 mgentem
942 1903 1094 1984 mullum,
1161 1904 1169 1970 i
1183 1920 1287 1970 autem
1299 1905 1378 1974 mul·

358 2005 398 2060 to
416 2006 570 2061 minorem
590 1987 767 2072 appolitum
786 1989 927 2067 videret,
958 1985 1045 2062 suum
1066 2005 1084 2054 a
1107 1989 1211 2074 patina
1223 1988 1377 2061 sublatum

355 2071 397 2146 ad
409 2090 515 2139 aurem
527 2071 698 2151 admovit,
724 2070 966 2159 iimulavitque,
988 2071 1071 2158 quali
1096 2074 1242 2159 quiddam
1267 2091 1307 2142 ex
1334 2087 1376 2144 eo

357 2170 611 2246 permutaretur.
656 2154 830 2248 Quaerenti
850 2154 988 2224 caussam
1013 2155 1196 2245 Dionyfio,
1227 2176 1305 2247 ega,
1331 2155 1378 2227 in·¹

366 2241 461 2330 q'uit,
482 2261 499 2308 u
523 2259 599 2321 retr,
619 2244 727 2322 'prima
747 2241 894 2327 quoddam
918 2242 953 2306 dt
970 2241 1105 2308 Galatea
1125 2239 1251 2328 scrita.
1281 2263 1377 2329 quare

366 2327 548 2416 quaerebant
567 2343 606 2392 ex
622 2323 676 2389 hot
686 2323 772 2410 price
793 2325 1195 2410 quiddamdeNtrriditur,
1211 2334 1378 2416 quopatnt

361 2431 461 2478 neum
480 2427 678 2478 exornarem.
690 2405 748 2494 sed
760 2406 822 2494 ipse
836 2411 990 2496 iuniorem
1002 2408 1037 2494 st
1054 2423 1173 2491 captum
1194 2415 1261 2489 nit,
1285 2433 1374 2498 quant

361 2509 397 2564 ut
413 2496 474 2562 illo
494 2508 549 2580 per
568 2503 696 2560 aetutem
716 2488 891 2580 cognoscere
906 2497 1063 2577 patuerit,
1086 2497 1282 2580 egrandtore
1299 2498 1375 2579 illo,

358 2585 417 2670 qui
436 2582 496 2646 titi
520 2573 670 2664 appofitus
690 2572 753 2661 est,
768 2576 800 2657 fi
816 2595 960 2663 quaerant
1003 2579 1092 2644 illum
1110 2579 1316 2658 metrificat,
1338 2601 1375 2650 tu

360 2683 441 2758 quor
451 2663 539 2739 uolo,
561 2661 795 2813 offerturam.
838 2625 1020 2727 Converius
1035 2662 1066 2729 in
1082 2663 1175 2730 risum
1190 2662 1378 2754 Dlonylrua,

382 2747 499 2829 leem,
519 2745 574 2835 qui
599 2745 648 2813 rbi
658 2743 815 2831 appohtus
832 2761 917 2827 erar,
937 2745 976 2813 ad
993 2745 1198 2815 Philoxenum
1212 2747 1303 2817 milit.
1326 2751 1377 2825 lla

406 2838 559 2900 eramen·
572 2830 639 2918 ipio
662 2842 799 2917 tyranno
815 2830 976 2913 contectus
992 2830 1084 2899 estin
1101 2832 1265 2914 latomias,
1286 2834 1375 2918 cujus
1407 2878 1409 2884 -

357 2920 410 3003 rei
434 2920 513 2997 baec
532 2915 640 2983 caussa
663 2922 690 2980 a'
704 2914 875 2981 Plutarcho
895 2915 1026 2983 traditur
1048 2917 1129 2984 libro
1148 2918 1189 3005 de
1212 2915 1340 2987 fortuna
1355 2924 1375 3000 ,'

361 3004 539 3071 &uirtute
564 2998 743 3069 Alexandri.
788 2996 962 3086 Dionylius
997 3000 1213 3088 iniciquoque
1232 3008 1380 3088 poemata

363 3085 555 3167 scribebat,
587 3102 706 3169 eaque,
730 3100 802 3152 cum
827 3083 1032 3171 inconcinna,
1061 3085 1376 3174 brittannorum,

358 3172 482 3261 optima
498 3168 754 3249 viderivolebat.
794 3168 876 3234 Cum
898 3168 992 3255 igitur
1018 3170 1205 3257 tragoediam
1222 3177 1376 3255 quandam

358 3252 547 3343 l'cripsre‘set,
566 3260 638 3325 eant
659 3249 832 3321 Plu'loxeno
853 3250 1073 3339 inspiciendam
1095 3257 1204 3339 dedit,
1226 3274 1260 3321 ut
1278 3260 1377 3325 corti·

360 3358 484 3431 geret,
512 3338 534 3410 st
560 3340 635 3425 quid
655 3333 743 3402 forte
757 3336 973 3422 corrigendum
997 3340 1167 3407 videretur.
1214 3340 1272 3407 lile
1295 3342 1374 3415 uero

356 3446 420 3495 una
436 3426 527 3491 litura
544 3439 644 3491 totam
664 3421 854 3487 emendavit.
878 3420 1057 3507 indignatus
1073 3423 1264 3512 DionyliuS.
1284 3432 1374 3496 com'.

423 3511 449 3577 it
464 3528 537 3577 eum
547 3509 578 3575 in
594 3508 682 3576 illum
699 3522 877 3586 carcerem,
898 3524 993 3590 quoru
1008 3510 1103 3575 modo
1124 3511 1293 3576 nominavi.
1311 3512 1374 3582 Un-

355 3530 520 3669 gggramen
544 3590 833 3677 polleuliberatus,
853 3608 926 3657 tum
946 3590 1059 3659 iterum
1085 3593 1273 3680 Dionysium
1291 3598 1376 3665 audi-

357 3695 408 3751 ret
430 3680 482 3745 sua
503 3684 648 3763 poemata
666 3676 852 3741 recitantem
873 3721 883 3754 ,
914 3674 1132 3769 adulantibus,
1154 3677 1374 3763 &plaudenti-

359 3767 421 3841 bus
441 3763 581 3840 ceteris,
611 3766 764 3846 'exurgens
784 3755 872 3842 iple,
893 3760 979 3824 mitte
999 3782 1062 3841 me,
1084 3764 1115 3828 in
1140 3762 1203 3849 uit,
1225 3766 1319 3830 denuo
1336 3769 1376 3835 in

359 3852 522 3917 latomias:
540 3848 607 3912 illic
627 3849 706 3915 enim
721 3855 851 3909 aetutem
867 3842 974 3929 degere
987 3845 1090 3933 satius
1105 3782 1165 3929 gill,
1190 3868 1279 3933 quarn
1310 3866 1372 3919 tam

355 3934 444 4003 anaia
470 3936 610 4016 primata
630 3930 749 3999 audire.
801 3924 981 3995 Athenaeus
1000 3932 1095 4017 paulo
1116 3930 1215 3998 aliter.
1257 3930 1374 4004 Narrat

356 4018 468 4091 enim,
500 4035 537 4083 ea
558 4032 660 4100 poena
681 4010 855 4092 affectum,
903 4013 991 4111 quod,
1020 4014 1228 4099 deprehensus
1262 4014 1375 4091 fuisset

359 4120 435 4171 cum
450 4096 582 4166 Galatea
598 4100 745 4179 tibicina,
764 4112 856 4178 quam
878 4094 965 4167 Dion
985 4098 1049 4187 ¹ilua
1059 4100 1123 4185 ipse
1133 4098 1265 4167 attrabat.
1285 4102 1301 4139 r
1322 4106 1373 4174 uin

354 4182 453 4255 etiam
478 4186 509 4253 in
533 4183 601 4270 ipso
623 4200 751 4278 carcere
772 4119 989 4266 conscrtpnsss
1006 4184 1188 4269 poematiou
1219 4184 1249 4280 in
1291 4186 1372 4255 ,ὼε

350 4286 467 4363 curm,
493 4270 612 4367 inquo
633 4266 668 4347 lu,
684 4264 817 4363 quidem,
839 4263 986 4372 Ulyssem
1008 4266 1130 4352 faceret
1139 4314 1155 4355 ,
1181 4266 1375 4358 Drouyium

1266 4366 1380 4455 autem
