3475 5550
582 673 631 724 rrr
674 653 1046 750 Aurem-Enarrqn
1088 664 1231 735 Contu.
1354 677 1416 758 183

401 815 439 882 u·
453 831 532 894 um,
557 835 651 899 qaam
676 831 711 882 ut
730 818 760 880 ei
778 815 965 882 deferendus
981 818 1017 886 lrt
1038 821 1193 888 bonorum
1213 824 1416 911 principatus.

394 898 809 966 ‚Omniumautemfalsarum
823 901 1007 988 opinionum
1017 903 1056 968 dc
1070 903 1190 974 summo
1201 907 1308 990 bono,
1325 913 1412 979 nulla

397 983 450 1064 eil,
468 1001 552 1068 qaae
565 1002 622 1050 aut
641 1001 705 1050 tam
724 1003 827 1134 pregre,
838 987 974 1070 *accedat
997 988 1035 1072 ad
1059 1007 1189 1059 verum.
1210 1007 1264 1057 aut
1287 1008 1410 1066 tantum

393 1065 544 1154 speeiem,
571 1073 753 1153 tantamque
804 1070 973 1153 ignitatcm
995 1067 1127 1154 babeat,
1159 1071 1309 1161 quantam
1337 1078 1411 1162 illq·

395 1171 480 1230 tum,
498 1153 555 1235 qui
578 1150 769 1219 felicitatem
792 1153 824 1238 in
850 1156 972 1238 virtute
992 1157 1168 1223 collocant.
1211 1157 1306 1228 Nulla
1322 1163 1407 1232 enim

393 1237 427 1304 le
443 1254 478 1302 re
493 1236 689 1320 splendidius
704 1256 740 1302 ac
755 1237 1026 1322 magnificentius,
1047 1260 1139 1324 quam
1159 1243 1198 1308 tlc
1214 1244 1339 1315 virtutis
1354 1268 1409 1316 crc-

392 1321 552 1402 celantia,
571 1321 720 1406 disputari
737 1319 855 1410 potclb
898 1321 1008 1405 ltaque
1024 1321 1323 1395 defensorcs'lrabuit
1338 1350 1405 1403 non

393 1405 510 1480 Stoicos
536 1405 633 1474 modo
656 1403 899 1490 pugnacislimos
925 1405 1088 1489 homines,
1112 1410 1142 1476 ἃ
1168 1413 1198 1478 in
1217 1410 1401 1498 disputando

384 1489 613 1574 propemodum
637 1491 792 1569 invictos,
825 1509 934 1556 verum
953 1492 1046 1557 etiam
1064 1494 1170 1560 multis
1188 1495 1274 1572 locis¹
1290 1499 1401 1566 Socra.

389 1591 447 1640 tem
468 1573 567 1660 ipsum
589 1576 621 1642 δι
646 1574 822 1642 Platonem.
863 1573 981 1658 Neque
1002 1575 1169 1662 quicquam
1192 1577 1315 1648 facilius
1335 1577 1399 1666 eli,
1480 1597 1484 1620 ·'

382 1675 473 1743 quem
493 1675 676 1744 argumenta
700 1659 872 1742 quamlibet
900 1659 997 1724 multa
1022 1663 1158 1744 reperire
1194 1665 1307 1747 quibus
1326 1685 1400 1752 pro·

381 1741 525 1810 habiliter
538 1743 723 1828 colligatur,
745 1745 895 1808 virtutem
914 1741 980 1807 esse
994 1742 1146 1812 summurn
1163 1710 1291 1818 bonum.
1331 1751 1398 1828 ij.

327 1867 329 1890 .
385 1829 587 1913 mumigitur,
603 1848 674 1893 cum
685 1827 840 1893 contraria
857 1828 1397 1912 decontrariisprobalrilitcrtlican·

380 1929 444 1992 mr,
464 1913 496 1984 ὰ
519 1930 629 1979 ornnes
654 1910 756 1977 vitiob
778 1930 818 1976 eo
837 1910 923 1995 ipso,
942 1913 1030 1996 quotl
1050 1913 1151 1980 uitiofi
1176 1913 1264 1996 sunt,
1287 1915 1394 1984 infeli·

378 2013 427 2062 co
444 1995 525 2075 lint,
544 1997 688 2063 videntur
710 1997 804 2061 etiam
823 2015 933 2062 omncs
954 1996 1073 2074 virtute
1095 1999 1225 2081 praediti
1244 2000 1307 2068 hoc
1322 2001 1390 2088 ipso

379 2078 438 2152 ose
458 2077 579 2147 felices.
626 2079 806 2162 Propofitio
823 2081 913 2163 ipsius
932 2077 1106 2146 Aristotelis
1127 2082 1170 2147 cll
1188 2085 1288 2168 primo
1309 2090 1392 2171 topi·

383 2183 500 2234 aarum.
547 2163 798 2248 Assumptioncm
827 2167 857 2227 δι’
885 2162 1050 2232 consensus
1076 2165 1228 2242 bonorum
1249 2170 1389 2240 omnium

378 2251 564 2325 confirmat,
587 2251 616 2316 br
638 2247 820 2314 Aristoteles
840 2245 906 2332 ipse
924 2249 1028 2312 multis
1051 2251 1217 2318 admodum
1237 2252 1333 2335 locis,
1355 2257 1387 2324 &

377 2333 558 2400 Plutarchus
576 2352 648 2399 cum
664 2332 756 2412 alibi,
782 2349 847 2398 tum
871 2335 900 2397 in
928 2331 1055 2412 libello,
1085 2337 1252 2414 dalaiau
1270 2345 1285 2408 a·
1304 2341 1385 2414 mla

376 2419 436 2496 &a
461 2417 517 2484 de*
544 2417 752 2492 miamin,
799 2415 923 2482 Deinde
946 2418 977 2482 id
1004 2416 1154 2482 surnnrurn
1184 2417 1228 2484 est
1252 2413 1384 2488 hominis

376 2501 511 2580 bonam,
540 2501 625 2586 quod
652 2499 809 2566 lrornincm
838 2501 971 2566 maxime
997 2501 1132 2584 perlicit.
1173 2500 1206 2566 T
1207 2504 1261 2568 ulis
1278 2524 1382 2573 autem

375 2583 417 2652 au
429 2585 543 2654 circus.
587 2583 641 2650 Est
657 2585 750 2669 igitur
768 2582 920 2650 summum
934 2583 1067 2650 hominis
1082 2584 1210 2650 bonurn.
1257 2585 1382 2668 Tertio,

373 2671 403 2738 Si
419 2669 521 2736 virtus
539 2687 601 2736 non
619 2667 663 2736 est
679 2667 831 2750 summurn
849 2670 988 2747 bonum,
1008 2667 1170 2749 oportebit
1184 2668 1298 2754 aliquid
1313 2669 1381 2740 csse

371 2755 489 2821 virtute
504 2754 636 2823 melius,
658 2753 734 2821 nilril
753 2769 858 2819 autem
878 2751 987 2819 mellus
1001 2752 1131 2817 virtute.
1175 2749 1291 2837 lgitut,
1314 2757 1378 2826 ἃς.

372 2838 530 2925 Evagarer
544 2841 577 2907 in
591 2837 648 2903 hac
663 2856 751 2923 parte
770 2838 912 2923 longius,
933 2836 987 2904 nilr
1003 2836 1148 2902 haberem
1169 2835 1265 2904 hodie
1281 2840 1378 2908 multa

366 2922 533 2989 admodum
553 2924 563 2990 i
610 2924 700 2989 unius
720 2923 815 2989 horae
834 2921 1023 2988 curriculum
1046 2920 1245 2989 concludere.
1290 2923 1377 2994 Tan·

362 3024 431 3083 ,tum
447 3008 544 3092 igitur
598 3006 757 3087 monebo,
778 3022 833 3085 ut,
850 3006 903 3089 qui
922 3005 978 3072 hac
993 3006 1032 3071 de
1048 3025 1082 3069 rc
1096 3005 1192 3072 multa
1206 3007 1235 3073 in
1256 3022 1374 3077 utram·

363 3088 423 3179 'que
448 3108 569 3178 partem
586 3086 744 3174 disputata
765 3088 958 3175 cognoscere
974 3086 1123 3175 cupiunt,
1152 3088 1255 3172 legant
1277 3090 1371 3159 Cice·
1467 3118 1471 3133 ·

325 3216 336 3277 ‚
362 3176 447 3243 mnis
469 3175 648 3243 tertium&
673 3190 817 3258 quartum
841 3174 882 3240 dc
900 3173 1034 3252 linibus,
1052 3175 1195 3256 quintum
1218 3172 1372 3249 Tuscula.

360 3278 468 3327 aarum
480 3306 493 3342 ,
515 3262 651 3329 Senecae
672 3259 789 3339 libros,
810 3277 880 3324 eum
905 3257 1086 3341 praecipue,
1108 3258 1161 3341 qui
1186 3256 1231 3323 est
1246 3259 1285 3323 de
1302 3262 1369 3337 vita

360 3342 474 3425 bata,
495 3344 527 3410 ἃ
550 3344 719 3410 Alexandri
739 3341 982 3426 Aphrodisienlis
997 3342 1308 3425 commentariolum,
1331 3348 1368 3411 tu

358 3430 406 3495 ἀι
425 3428 552 3512 aalma
575 3434 591 3497 ὅ
610 3429 683 3509 >pal
702 3424 767 3499 οόε
787 3426 960 3501 alomna.
1003 3424 1073 3491 Nos
1101 3443 1206 3491 autcnr
1232 3444 1271 3493 cx
1297 3429 1366 3493 llri·

350 3512 475 3589 lintella
502 3509 652 3578 sententia
678 3527 799 3577 tantum
826 3510 952 3593 quidem
980 3508 1143 3575 tribuimus
1170 3511 1300 3590 virtuti,
1329 3526 1366 3579 uc

348 3614 377 3665 n
443 3614 483 3676 e,
501 3595 554 3680 qui
566 3613 633 3661 eam
649 3594 783 3674 babeat,
805 3595 897 3659 etiam
915 3592 937 3660 sr
956 3593 1069 3659 ceteris
1084 3593 1229 3661 omnibus
1241 3611 1364 3676 careat,

346 3682 411 3771 ‚api
451 3699 525 3761 am.
552 3698 655 3763 neque
680 3699 697 3744 a
719 3677 860 3763 quo-illa
880 3676 976 3757 abfit,
997 3676 1113 3743 etiamsi
1133 3678 1199 3743 aliis
1217 3679 1364 3745 omnibus

356 3764 485 3844 effluat,
504 3760 634 3830 felicem
651 3760 719 3831 esse
737 3759 829 3847 posse
845 3758 1021 3827 fateamur:
1042 3780 1145 3845 neque
1166 3776 1268 3831 tamen
1284 3763 1364 3828 illud

345 3866 482 3935 ,quoque
505 3848 633 3929 damus,
654 3844 804 3915 parnense
828 3843 980 3911 summum
996 3844 1129 3912 hominis
1147 3846 1285 3922 bonum,
1306 3862 1363 3913 auc

341 3932 382 4001 ju
403 3932 606 4016 quaerite,
637 3930 712 4000 nibil
733 3932 763 3997 ei
787 3929 897 3996 deesse
922 3928 1014 4012 posse
1036 3930 1074 3995 ad
1100 3928 1183 3995 benc
1205 3930 1364 4012 beateque

349 4017 530 4085 vivendum.
572 4018 679 4099 Atque
702 4016 765 4081 lroc
791 4013 836 4091 ita
857 4012 890 4079 sc
911 4013 1042 4095 habere,
1062 4015 1233 4099 cademque
1249 4032 1364 4097 opera,

346 4100 513 4189 quomodo
528 4118 597 4167 tum
612 4118 667 4177 ea,
689 4118 769 4185 quae
783 4098 880 4165 motlo
895 4098 1055 4165 attulimus
1068 4115 1266 4181 argumenta,
1292 4112 1362 4164 tum

348 4184 501 4269 citramodi
521 4186 583 4255 alia
600 4183 797 4255 dissolvenda
819 4182 879 4253 fint
888 4228 901 4263 ,
923 4200 942 4246 e
958 4180 1160 4269 sequentibus
1176 4179 1297 4267 liquitlo
1315 4179 1363 4249 ia·

347 4268 518 4359 augetur.

358 4416 363 4427 .
528 4348 535 4385 l
923 4347 1008 4433 Mo
1294 4366 1365 4433 ,aaz
