3475 5550
546 711 598 764 rrr
634 695 790 766 Anien.
828 694 1003 766 Enarca
1046 697 1191 765 Coum.¹
1312 701 1378 770 181¹

375 858 458 926 aione
475 853 649 922 ludificor?
671 853 767 936 quid,
791 851 811 918 sr
833 853 932 918 multa
958 854 989 920 in
1006 872 1057 920 me
1070 854 1203 935 vitiosa,
1224 871 1303 938 quae
1319 875 1377 922 rne,

374 943 487 1027 fugiunt
498 985 509 1019 ,
531 939 582 1004 alii
607 938 743 1002 virlent‘l
763 937 857 1018 quid,
875 938 918 1018 li,
937 957 1009 1003 eum
1028 939 1150 1022 aliquos
1163 938 1237 1004 mihi
1257 938 1296 1016 ad
1309 941 1370 1005 vir·

374 1043 463 1092 tutem
479 1021 660 1108 progressus
674 1019 789 1088 fecisse
812 1023 1005 1100 videar,·alii
1024 1042 1074 1090 rne
1089 1023 1263 1107 longishme
1276 1023 1315 1088 ab
1332 1041 1370 1089 ea

371 1109 466 1176 abele
486 1108 648 1174 cernunt?
676 1105 751 1170 Hoc
783 1103 827 1170 est
857 1107 980 1188 igitur,
1007 1126 1065 1171 cur
1092 1107 1243 1174 honorem
1263 1108 1369 1191 requi·
1459 1104 1461 1110 '

368 1211 444 1262 rant:
464 1209 529 1258 non
555 1207 591 1258 ut
610 1191 736 1256 virtutis
758 1192 945 1272 praemium:
966 1189 1034 1273 lpsa
1054 1195 1170 1257 etenim
1193 1192 1311 1269 virtus,
1333 1206 1370 1259 ut

367 1282 403 1346 ait
422 1283 539 1362 mita,
558 1279 692 1358 prelium
708 1270 748 1357 all
759 1271 841 1351 fiai:
863 1272 916 1339 sed
934 1290 967 1338 ut
988 1293 1120 1350 eorum,
1143 1293 1224 1359 quos
1242 1276 1370 1359 integri·

368 1383 399 1428 ur
421 1359 683 1443 &incorruptius
701 1357 842 1440 judicare.
859 1358 1067 1437 arbitrantur,
1095 1359 1135 1424 de
1166 1358 1218 1423 sua
1247 1359 1366 1424 virtute

369 1445 583 1512 testimonium.
604 1443 674 1510 ‚lta
693 1442 776 1508 enim
798 1443 914 1508 certius
932 1443 1086 1516 credunt,
1117 1444 1202 1525 quod
1223 1459 1294 1508 toro
1314 1462 1387 1526 pe·-

367 1533 446 1602 llore
459 1529 593 1612 cupiunt
601 1570 612 1605 ,
632 1523 666 1590 se
679 1526 781 1591 bonos
794 1525 882 1591 esser
903 1545 974 1591 cunr
990 1527 1028 1591 ad
1041 1525 1264 1602 conscientiam
1275 1525 1363 1601 ¹suum

366 1613 446 1682 alieri
468 1629 600 1697 quoque
613 1608 779 1677 testimonii
797 1610 926 1680 aceeslrt
948 1610 1125 1676 auetoritas.

318 1747 322 1760 .
396 1699 540 1782 Ergone,
561 1696 648 1760 ‹lieet
664 1693 792 1778 aliquis,
808 1694 847 1758 de
864 1693 895 1760 se
912 1695 1163 1778 quenquennis,
1184 1713 1275 1778 quarn
1288 1696 1344 1763 irbi
1354 1743 1378 1778 „

363 1782 460 1848 verius
474 1780 605 1846 eredere
621 1776 690 1846 est?
709 1793 742 1843 at
754 1778 786 1842 iel
798 1777 1019 1858 melaciumus,
1037 1778 1271 1860 sapientisiimus
1288 1788 1383 1862 poli„

365 1881 392 1932 ta
406 1865 635 1940 Horam-verae
674 1860 782 1927 Notus
795 1860 838 1928 cst
856 1864 938 1927 enim
955 1863 1122 1929 verficulus
1137 1863 1190 1928 ille
1206 1864 1243 1930 ad
1265 1867 1366 1956 Quin·

363 1949 469 2017 ilium:
510 1949 571 2014 sil
595 1965 717 2018 uerear,
745 1965 782 2010 ne
806 1949 857 2010 cui
878 1948 912 2010 tle
932 1960 960 2011 tt
975 1948 1066 2030 plus,
1096 1969 1182 2032 quom
1203 1953 1278 2026 tihi,
1300 1969 1364 2014 cra·

363 2036 421 2102 lar.
440 2033 485 2102 Et
493 2032 625 2116 quidam
639 2030 716 2096 alius
731 2031 938 2096 recentiorum
949 2028 1140 2113 (Ausonium
1158 2029 1363 2118 fuisscajrrnt)

310 2119 313 2174 l
361 2121 455 2194 vitum
481 2117 602 2184 bonurn
626 2113 822 2194 describens,
850 2115 926 2179 illud
954 2115 982 2180 ei
1008 2116 1058 2179 vel
1081 2117 1218 2199 inprimis
1235 2118 1362 2190 tribuit,

310 2261 312 2276 ,
362 2197 702 2287 quodJuclexipsesut'
724 2213 816 2263 totam
827 2195 863 2282 se
880 2198 1017 2282 explorat
1035 2200 1228 2282 elanguent.
1272 2201 1361 2292 Qriri

310 2333 312 2338 -
359 2305 508 2372 proceres,
532 2286 605 2368 quil
634 2293 700 2356 leno
712 2297 846 2368 procax,
875 2283 947 2366 quiri
965 2288 1065 2365 opinio
1089 2287 1195 2363 vulpi,
1216 2284 1359 2350 Securus.

310 2375 312 2382 '
362 2373 432 2440 sunt
456 2368 530 2434 isla:
558 2385 664 2450 neque
689 2384 790 2436 tamen
814 2366 875 2430 ulla
900 2369 979 2434 inter
1004 2366 1222 2446 Aristotelem,
1244 2369 1361 2435 &hos

360 2463 464 2540 poetas
488 2449 691 2536 repugnantia
711 2449 766 2517 est.
805 2448 888 2516 Nam
917 2452 1031 2515 horum
1060 2452 1113 2515 ille
1138 2467 1225 2516 vetat
1249 2470 1361 2518 contra

362 2537 582 2606 conscientiam
595 2534 890 2600 luam'atlulantium
914 2535 1047 2608 vocibus
1068 2537 1211 2610 creduto:
1236 2535 1285 2599 hic
1298 2537 1360 2604 ,bo-

358 2641 424 2690 num
447 2622 572 2698 virum,
602 2617 866 2688 reelelalhorum
895 2617 1084 2684 eonl'ciuntia
1111 2616 1248 2698 fretum,
1267 2636 1361 2703 negat

360 2725 479 2786 curare,
498 2703 581 2790 quid
608 2703 741 2768 sentiant
759 2703 805 2782 ii,
837 2703 891 2785 qui
913 2707 1061 2775 uirtutem
1082 2701 1250 2787 negligunt.
1293 2705 1362 2768 Ari·

361 2793 485 2861 hoteles
500 2804 607 2855 autem
625 2788 689 2867 ait,
707 2787 899 2871 compositos
915 2787 945 2853 δι
966 2786 1121 2852 modestos
1136 2787 1277 2852 homines
1294 2806 1358 2858 non
1472 2794 1475 2807 '

358 2876 466 2944 audere
492 2872 550 2938 suo
572 2874 612 2937 de
637 2869 668 2937 se
687 2871 805 2952 jndicio
826 2871 1093 2943 confideret-imo
1115 2888 1273 2954 praeterea
1294 2892 1358 2942 non

356 2961 478 3044 quidem
502 2958 718 3035 adulatorum,
739 2973 842 3039 neque
860 2973 1045 3038 procerum,
1067 2973 1167 3038 neque
1187 2956 1358 3039 lenonum,

354 3060 455 3129 neque
547 3040 578 3120 i,
601 3038 654 3107 scd
666 3039 885 3122 prudentium,
908 3039 1040 3105 &reete
1055 3039 1258 3118 judicantium
1273 3042 1358 3106 viro-

355 3122 418 3195 rum
437 3142 453 3193 t
500 3126 651 3191 imonium
669 3126 835 3206 requirere.
875 3124 985 3206 ltaque
999 3124 1051 3206 qui
1064 3124 1247 3191 verliculum
1268 3124 1355 3193 illurn

326 3210 577 3305 ,horatianum
598 3209 630 3275 it
650 3207 733 3272 hunc
757 3205 931 3273 Aristotelis
955 3206 1059 3272 locum
1074 3207 1200 3290 perinde
1224 3226 1355 3291 accepe-

352 3312 443 3377 tunt,
463 3312 511 3379 ,ac
533 3292 555 3359 sr
577 3308 711 3373 uterque
731 3292 772 3357 de
794 3291 905 3357 eodem
932 3289 1091 3365 hominum
1111 3309 1224 3377 genere
1246 3292 1354 3378 loque·

349 3400 450 3461 retur,
479 3393 517 3445 ut
535 3374 715 3441 mollissime
725 3377 847 3453 dicam,
868 3374 1020 3451 implicavi·
1041 3405 1061 3437 a
1083 3378 1183 3445 inii..

324 3454 332 3469 '
387 3465 450 3535 Sed
473 3460 619 3541 srvirtus
635 3477 764 3541 propter
786 3458 938 3523 honorem
962 3477 1024 3524 non
1045 3459 1221 3542 expetitur,
1250 3479 1354 3546 neque

351 3548 448 3617 honos
464 3544 666 3631 praecipuum
681 3545 807 3609 virtutis
820 3541 989 3626 praemium
1003 3541 1066 3620 est,
1086 3544 1139 3625 qui
1163 3544 1223 3621 fit,
1245 3559 1279 3609 ut
1298 3565 1350 3630 ga·

350 3632 568 3701 neroiislimua·
583 3628 719 3712 quisque.
736 3643 825 3693 tanto
849 3641 995 3691 teneatur·
1016 3626 1143 3693 honoris
1163 3626 1290 3696 studio:
1319 3631 1350 3696 ot

349 3736 401 3799 ur,
419 3717 604 3802 quicunque
616 3713 655 3776 ad
674 3712 826 3777 virtutem
844 3710 1071 3785 cohortantur,
1093 3729 1156 3777 non
1178 3712 1259 3777 aliud
1282 3710 1350 3777 fere

349 3804 408 3880 iii,
437 3818 521 3883 quos
545 3795 674 3861 incitare
692 3797 836 3874 volunt,
870 3812 961 3881 quarn
982 3793 1133 3860 honorem
1155 3795 1348 3878 gloriamque

349 3880 551 3975 proponant?
571 3878 669 3945 Certe
689 3881 747 3944 illa
763 3876 955 3949 Graecorum
970 3876 1154 3945 fortissimus
1171 3882 1263 3944 etiarn
1281 3881 1350 3945 lon·

347 3971 516 4058 &tudinem
534 3964 619 4031 vitae
636 3963 747 4031 honori
760 3982 797 4028 ac
808 3960 983 4029 celebritati
999 3964 1131 4028 nominis
1146 3962 1352 4046 postposuisse

348 4068 553 4123 memoratur:
576 4049 606 4111 lit
627 4046 837 4132 sapientissimi
851 4046 917 4127 „viri
932 4045 1029 4125 fllium
1051 4048 1107 4112 dea
1131 4047 1349 4130 sapientislima

347 4142 413 4207 ideo
435 4136 558 4205 fortem
581 4131 648 4197 erla
666 4132 771 4213 jubet,
792 4131 834 4196 'ut
850 4131 943 4197 etiam
960 4148 978 4194 a
998 4131 1127 4215 pelleris
1151 4131 1353 4197 commende·

350 4242 410 4304 Νη
439 4241 513 4287 cum
534 4216 595 4281 ait:
617 4216 762 4297 Ἀλιιμθό,
785 4218 854 4293 ἴστ’,
881 4219 923 4277 'l'u
944 4215 978 4280 ἧς
997 4243 1022 4279 fl
1043 4224 1067 4299 'J
1090 4216 1209 4297 u'ssrjp'rm
1229 4212 1259 4275 lli
1279 4217 1349 4292 εἴπῃ,

350 4308 498 4383 troarcus
511 4316 644 4392 quoque
659 4298 983 4451 illeilenophontff
998 4298 1180 4393 ¹Herculem
1197 4318 1216 4367 a
1229 4296 1348 4453 virtlpge
