3475 5550
534 673 589 748 rit
629 675 789 748 narrar.
825 669 1189 756 urnrcn'couar.
1314 699 1376 762 rer

319 909 323 918 ,
363 835 532 930 probatur.
562 834 623 902 seo
641 836 778 920 exagitat
801 833 951 918 loquendi
965 853 1090 984 ἕως,
1117 839 1204 922 quod
1229 839 1387 908 nonsatis

366 923 545 1012 proprium,
579 938 684 1002 neque
707 917 941 1004 philosophicae
989 921 1167 1002 isputationi
1190 929 1384 992 convenient

365 1009 548 1076 nidelratur.
574 1019 608 1068 at
637 1005 714 1068 haee
737 1004 806 1068 aliia
828 1004 1028 1088 relinquenda
1052 1003 1134 1072 sunt.
1170 1007 1272 1076 Nunc
1288 1029 1385 1097 expo·

363 1111 429 1162 nrm
453 1091 534 1176 quid
554 1087 646 1155 Plato
671 1087 759 1152 ideae
775 1089 904 1154 nomine
926 1087 1128 1156 intellexerit.

360 1179 363 1186 '
400 1175 480 1244 Duo
501 1171 575 1242 sunt
591 1191 631 1238 ex
651 1172 805 1238 sententia
831 1171 971 1237 Platonis
995 1173 1025 1240 in
1051 1174 1186 1244 Timaeo
1223 1195 1314 1245 encra
1331 1199 1380 1246 re·

362 1279 444 1330 rum:
466 1277 566 1326 unum
582 1275 706 1337 earum,
751 1275 807 1321 uae
823 1255 911 1320 sensu
929 1257 1165 1342 percipiuntur:
1184 1194 1377 1330 afterumea·

361 1341 461 1424 ium,
494 1361 577 1428 quae
597 1357 704 1407 mente
787 1341 886 1406 intelli
909 1343 1003 1406 entia.
1046 1343 1133 1409 Prius
1154 1343 1228 1412 illud
1256 1349 1302 1413 ait
1317 1352 1383 1429 esse

359 1439 541 1514 ‘nunquam
569 1423 689 1510 semper
707 1421 811 1506 fierit
841 1359 994 1508 pofierius
1013 1445 1167 1512 nunquam
1195 1429 1268 1512 lieri
1276 1475 1289 1509 ,
1293 1430 1388 1582 fferre.

366 1529 419 1602 ptr
444 1515 517 1598 esse.
562 1510 688 1576 Etenim
714 1506 782 1572 esse
807 1527 843 1572 ea
865 1509 1018 1590 demum,
1050 1531 1130 1595 quae
1148 1512 1268 1598 semper
1308 1533 1384 1599 unt,

361 1615 447 1682 ¹uuae
471 1593 677 1664 immutabilia
704 1593 774 1658 sunt
793 1640 803 1674 ,
830 1611 912 1677 quae
927 1612 1083 1677 nunquam
1102 1615 1205 1681 neque
1222 1600 1384 1682 oriuntur,

370 1699 475 1768 neque
496 1679 666 1747 occidunt:
690 1677 758 1743 fieti
776 1691 899 1757 autem,
920 1697 983 1745 nnn
1005 1679 1072 1744 esse
1090 1699 1146 1761 ea,
1167 1701 1248 1764 quae
1262 1685 1383 1751 aridae

368 1781 552 1844 mutantur,
573 1763 698 1850 quae&
714 1777 782 1826 orta
804 1760 893 1841 sunt,
919 1764 950 1828 ἀ
973 1765 1111 1829 interitui
1129 1765 1277 1836 obnoxia.
1315 1769 1383 1852 Jnm

368 1869 448 1918 uero
463 1851 593 1928 omnin,
614 1863 695 1932 quae
709 1845 765 1910 sub
782 1845 899 1912 sensum
920 1848 1060 1926 eadunt,
1088 1848 1118 1914 se
1142 1865 1213 1915 orta
1230 1851 1259 1917 ἀ
1277 1853 1385 1920 interi·

368 1949 436 2004 tuta
452 1933 542 2002 sunt:
563 1934 735 2014 eademque
749 1945 903 2014 perpetuo
924 1931 1068 1998 labuntur
1080 1949 1117 1998 ae
1140 1933 1259 2018 fluunt,
1278 1957 1383 2022 neque

372 2021 490 2086 diutius
509 2032 691 2103 permanent
714 2033 777 2079 uno
804 2017 833 2082 st
856 2016 968 2080 eodenr
992 2013 1079 2082 statu.
1125 2017 1235 2100 ltaque
1252 2039 1379 2088 vetem

369 2101 572 2192 philosophi,
597 2103 804 2182 Protagoras,
831 2097 1029 2180 Heraclitus,
1053 2101 1284 2187 Empedoclea,
1306 2123 1382 2176 cum

370 2191 415 2256 ad.
434 2189 513 2268 hace
534 2202 655 2252 tantum
676 2181 892 2268 respicerent,
918 2185 1023 2250 omnia
1050 2185 1117 2251 fieri
1129 2233 1139 2264 ,
1159 2188 1235 2253 nilril
1251 2189 1317 2255 esse
1333 2193 1379 2256 di·

357 2273 502 2340 ¹cebant:
522 2287 559 2335 ut
572 2267 615 2336 est
631 2267 712 2352 apud
731 2267 891 2332 Platonem
909 2269 939 2334 in
968 2269 1167 2335 Theaeteto.
1192 2275 1221 2339 lt
1245 2273 1381 2341 refertur

357 2359 398 2428 'ln
419 2355 555 2442 Cratyln
572 2355 690 2419 ditium
711 2349 882 2430 Heracliti,
903 2355 937 2413 ln
961 2353 1046 2417 πἰα
1066 2360 1145 2436 laq
1170 2355 1225 2420 tal.
1245 2363 1329 2434 alm.
1350 2369 1377 2442 ις

368 2447 399 2508 ς,
419 2441 456 2516 n,
472 2445 507 2509 η’,
526 2441 565 2501 al,
586 2439 657 2502 atel·
678 2445 791 2496 mmm·
813 2438 845 2499 ἐι
868 2431 903 2496 a'·
926 2435 1047 2516 lutiae.
1090 2437 1134 2502 At
1152 2438 1309 2522 speeies&
1324 2461 1380 2528 ge·

368 2543 470 2600 nera,
506 2521 620 2608 quibus
643 2519 776 2602 ungulae
797 2535 846 2582 ren
867 2519 1097 2599 eontinentur,
1131 2521 1160 2587 ἀ
1183 2540 1246 2588 uno
1274 2531 1375 2592 verbo

370 2611 405 2674 ι’
422 2607 538 2687 ullae,
558 2601 731 2672 &fuerunt
748 2603 886 2666 exomni
900 2603 1101 2682 aeternitate,
1123 2622 1226 2688 neque
1242 2626 1379 2693 unquam

369 2691 627 2768 esse'definent,
655 2705 757 2771 neque
778 2687 832 2750 ulli
855 2687 1022 2752 mutationi
1051 2687 1188 2754 obnoxia
1207 2690 1300 2771 sunt,
1322 2691 1375 2760 sul

369 2778 492 2863 semper
517 2776 630 2841 codem
650 2774 746 2839 modo
774 2768 805 2836 se
828 2769 955 2837 habent.
993 2769 1070 2837 Non
1098 2774 1179 2839 enim
1200 2775 1297 2842 homo
1319 2798 1375 2845 aut

365 2862 499 2942 animal,
518 2878 573 2925 aut
594 2856 745 2935 nascitur,
766 2872 820 2919 aut
843 2856 951 2920 interit
963 2904 972 2937 ,
995 2854 1046 2921 sul
1068 2856 1119 2922 lrie
1143 2858 1260 2942 lromo,
1281 2880 1377 2947 atque

356 2942 430 3017 'loc
444 2946 571 3013 animal:
593 2960 696 3021 neque
710 2940 829 3021 semper
846 2958 955 3005 verum
974 2938 1036 3005 suit
1054 2942 1174 3023 eritve,
1207 2946 1372 3017 Socratem

369 3032 436 3103 etse
459 3030 572 3097 animal
594 3028 716 3091 ratione
739 3024 911 3107 praeditum
932 3045 941 3088 t
975 3024 1103 3090 aridem
1120 3028 1160 3091 de
1179 3028 1306 3097 laomine
1326 3052 1371 3101 erc

369 3118 455 3185 omni
479 3114 667 3181 aeternitate
684 3128 794 3174 verum
816 3106 902 3188 fuit,
938 3106 1120 3193 semperque
1137 3112 1206 3181 erit.
1256 3114 1373 3203 Neque

365 3202 486 3289 semper
502 3216 611 3263 voum
626 3194 690 3274 est,
717 3192 855 3257 llrillidis
869 3190 1015 3275 justitiam
1035 3192 1101 3259 esse
1124 3196 1291 3265 virtutem:
1311 3222 1375 3271 non

371 3288 454 3355 eninr
474 3282 597 3367 semper
617 3279 661 3346 est
691 3276 862 3343 Arillitles:
891 3292 922 3340 at
941 3276 1061 3359 semper
1079 3294 1208 3360 verum,
1226 3283 1377 3363 justitiam

368 3372 612 3439 etsevirtutcm.
652 3366 728 3431 lloc
744 3365 867 3427 intuens
886 3361 976 3427 l'latn
991 3362 1114 3441 statuit,
1136 3365 1168 3424 nl
1188 3368 1284 3438 vlla·
1306 3370 1372 3437 sola

369 3456 495 3543 proprie
526 3450 614 3529 esse,
643 3464 738 3531 atque
763 3446 880 3510 iccirco
902 3445 968 3511 esse
993 3448 1095 3520 neam
1127 3448 1195 3513 lusu
1218 3458 1242 3533 ις
1264 3453 1372 3529 μόλις,
1433 3458 1435 3463 “

367 3544 456 3609 n'e‘u:
475 3554 581 3604 cetera
597 3552 701 3599 autern
717 3530 784 3596 esse
809 3544 928 3595 tanturn
948 3529 1015 3605 mal
1036 3533 1130 3609 aalrgl·
1144 3538 1204 3593 ’ω
1229 3542 1276 3595 π’,
1298 3539 1374 3611 „pl-

367 3639 412 3693 ιι.
454 3622 546 3691 Haec
561 3638 665 3685 aurern
685 3612 825 3682 universa
843 3614 977 3679 vocabat
999 3612 1048 3681 elle
1070 3630 1123 3677 aut
1141 3612 1229 3695 tilae,
1251 3620 1281 3683 id
1307 3620 1369 3701 cll,

351 3706 487 3793 :specics
506 3724 561 3771 aut
588 3700 704 3769 formas
730 3716 858 3775 rerum,
894 3699 926 3765 ἃ
945 3700 1103 3779 delun,
1128 3713 1161 3761 ut
1185 3702 1372 3783 aludvlpm

368 3796 456 3861 idean
473 3790 623 3857 hominis:
643 3784 784 3848 «taam
806 3783 893 3846 idean
907 3781 990 3865 equi.
1025 3781 1123 3845 Stoici
1139 3782 1245 3847 eadem
1265 3787 1371 3867 pellea

342 3892 349 3897 ·
369 3894 523 3945 ,oemunt
544 3874 632 3949 am,
654 3888 688 3933 nt
711 3868 781 3933 :nm
803 3866 951 3945 sepum»,
973 3882 1034 3927 non
1050 3864 1134 3929 lrune
1149 3882 1201 3930 aut
1216 3868 1300 3936 illum
1319 3874 1374 3936 lno-

370 3968 507 4034 mincnr‚
532 3958 582 4025 scd
601 3957 757 4020 hortunam
782 3955 812 4014 in
829 3968 958 4031 genere.
983 3948 1068 4013 &eu
1093 3968 1132 4013 en
1156 3970 1308 4021 vocarunt
1329 3957 1377 4021 l'o·

348 4048 557 4133 'phisrnatum
581 4058 679 4123 gerant
698 4036 876 4119 attondant,
901 4032 1007 4111 sarae,
1028 4034 1118 4117 quale
1139 4034 1200 4099 lrne
1219 4036 1280 4115 cll,
1301 4040 1326 4101 a*
1342 4043 1378 4110 ἐς

346 4152 349 4165 .
367 4146 413 4203 ἡ,
438 4134 469 4195 ὦ
491 4127 652 4198 Ἄθως,
684 4124 719 4185 ἐκ
748 4122 792 4183 'r'en
822 4120 850 4179 e'a
879 4118 1016 4197 Zx'n'grn.
1052 4120 1196 4197 αἰθρνπθ·
1222 4120 1250 4182 sl'
1279 4131 1324 4185 sn·
1345 4130 1375 4187 ε’.

366 4216 521 4289 'mum'
549 4215 585 4275 ἐκ
603 4214 650 4273 ‘rere
677 4204 731 4281 εἴρῃ
752 4204 897 4275 ὖθρντθ·
918 4202 946 4263 0⁵0
967 4200 1091 4285 Σπῖςτν..
1115 4220 1247 4285 quorum
1264 4208 1377 4277 vitium

365 4304 395 4373 in
420 4320 464 4367 eo
489 4292 627 4383 pllfitlllll
653 4286 720 4353 eise
744 4286 915 4363 dicebant,
940 4283 1035 4367 qllols'
1059 4289 1093 4347 ὧι
1115 4298 1157 4353 η’
1172 4295 1228 4359 urie
1248 4288 1381 4401 ‘diff

1312 4406 1381 4443 md
