3475 5550
321 710 409 792 '230'
475 685 585 770 ‘id
665 697 709 766 n.
786 695 1133 765 Motrar

326 857 512 931 Simonidis}
538 852 618 937 eled&
646 852 741 937 134931
771 861 818 935 pit
839 854 959 930 daalr'n,
981 855 1084 937 Μ,
1108 855 1248 934 mlvi,
1275 861 1372 944 ztfu’..

330 967 361 1008 π·
379 954 405 1029 ις
424 945 485 1007 ml
505 948 545 1017 νέᾳ
567 937 721 1023 σιτώνην
741 937 799 1000 tino
819 942 896 1014 ψέγε
915 946 1071 1018 vaurpeina,
1094 942 1227 1009 Videtur
1239 961 1349 1012 autem
1407 980 1416 1004 ι.

327 1029 448 1096 bouum
474 1021 643 1093 &fortem
668 1021 771 1087 virum
797 1022 928 1088 vocasse
953 1025 1164 1108 quadratum,
1201 1030 1255 1112 qui
1287 1029 1368 1097 stat..

325 1113 475 1195 semper,
507 1125 610 1192 neque
634 1106 701 1171 ullo
723 1103 871 1172 fortunae
894 1109 1125 1194 impetudejici
1151 1112 1279 1194 potest.
1303 1114 1371 1180 lte·

329 1198 415 1275 enim
431 1197 462 1261 dt
478 1193 662 1284 quadratum
681 1208 820 1275 corpus,
843 1193 874 1256 id
891 1192 935 1258 cll
948 1240 958 1273 ,
970 1194 1090 1274 cubus,
1105 1198 1349 1280 quomodocuu·
1368 1217 1373 1228 ·

328 1299 394 1368 que
417 1278 570 1362 jaciatur,
596 1276 643 1341 ita
663 1275 773 1356 cadit,
804 1292 838 1340 ut
856 1277 974 1343 retturn
990 1295 1179 1361 permaneat.
1220 1282 1272 1348 Ex
1293 1283 1357 1350 illo

330 1364 500 1434 Simonidis
515 1360 631 1427 asmate
648 1378 721 1425 cunr
737 1359 837 1438 haec,
861 1377 927 1426 tum
943 1361 1105 1428 aliumulta
1120 1363 1355 1452 citanturupnd
1373 1389 1376 1396 ’

330 1450 498 1519 Platonem
516 1445 545 1512 in
571 1445 763 1530 Protagora,
783 1445 888 1529 deque
903 1445 941 1511 iia
960 1448 1044 1512 varie
1062 1445 1246 1533 disputatur.
1279 1453 1354 1517 Me·

335 1533 428 1602 minit
455 1534 486 1598 dt
504 1529 595 1614 nujus
618 1529 821 1613 metaphorae
841 1528 1025 1597 Aristoteles
1041 1551 1073 1618 3.
1095 1533 1179 1600 rhet.
1201 1534 1373 1604 Fortune-

333 1619 430 1690 etlam
446 1634 485 1681 eo
503 1617 604 1681 virum
618 1613 737 1680 bonum
753 1614 936 1698 quadratum
949 1618 1101 1696 vocavit,
1120 1618 1205 1700 quod
1215 1621 1356 1704 undique
1372 1653 1375 1666 ·

333 1701 473 1786 aequalia
499 1700 537 1767 fit
560 1698 591 1764 dr
615 1699 660 1765 lui
677 1698 793 1765 fimilis.
832 1696 917 1764 Nam
934 1718 1006 1766 cum
1031 1700 1110 1767 duae
1126 1705 1257 1772 omnino
1271 1704 1378 1789 ligo-o

332 1805 389 1855 rae
408 1786 490 1865 lint,
517 1782 603 1848 omni
628 1801 669 1848 ex
692 1784 968 1867 parte-aequales,
994 1785 1177 1868 quadratum
1195 1790 1226 1855 dt
1242 1805 1400 1864 rotun-t·

331 1874 429 1951 dum,
458 1882 493 1932 ut
519 1867 695 1935 Simonides
723 1867 854 1933 vocavit
877 1870 978 1935 virum
1006 1872 1123 1935 bonum
1143 1873 1377 1956 quadratum*

330 1963 378 2025 lta
415 1952 567 2020 llorutius
607 1953 737 2019 eundem
767 1963 890 2016 teretem
919 1955 956 2026 θ’
979 1955 1139 2019 rotundum
1167 1958 1377 2042 nominavit„

340 2040 493 2134 Quisnam
514 2041 615 2122 igitur
639 2037 746 2101 liber?
770 2037 831 2101 duc.
854 2056 949 2119 quern
971 2038 1110 2105 imitatur
1126 2037 1175 2106 est
1197 2041 1358 2111 Ausonius

328 2126 365 2192 in
381 2143 421 2188 eo
435 2121 593 2201 carmine,
613 2119 700 2204 quod
718 2119 817 2205 vulgo
830 2121 978 2187 tribuitur
995 2123 1145 2207 Virgilio:
1165 2159 1228 2174 -
1249 2131 1378 2195 mundi

335 2206 435 2293 entier
458 2206 598 2285 lubens,
627 2217 702 2270 teret
726 2219 760 2270 ut
784 2224 818 2269 rte
841 2207 1010 2286 rotundus,
1046 2209 1199 2273 temerare
1221 2230 1258 2275 ne
1280 2212 1363 2295 quid·

336 2296 420 2360 lulis
439 2303 496 2376 per
517 2293 598 2356 letio
619 2288 711 2370 fidat.
803 2288 884 2354 edici
911 2309 1040 2378 quoque
1064 2294 1212 2375 quadrata
1238 2313 1375 2366 vocante.

336 2393 493 2458 corpora,
516 2373 660 2441 firma&
690 2374 771 2439 bene
793 2377 978 2459 compatre,
1004 2393 1147 2461 quaeque
1170 2396 1234 2446 non
1260 2379 1375 2449 facile'·

336 2461 543 2534 offenduntur
562 2458 687 2524 erebus
706 2460 853 2524 externis.
1204 2509 1206 2516 .
1369 2481 1377 2526 t

381 2550 482 2609 nont.
503 2548 518 2627 3
540 2542 692 2628 ,lupata-v]
718 2541 879 2636 Quaedam
898 2561 1028 2623 eorum,
1049 2557 1129 2628 quae
1147 2547 1362 2617 immittuntur

343 2628 529 2707 asomum,
559 2641 627 2693 tum
650 2626 749 2705 laeta,
781 2645 850 2692 tum
874 2628 987 2704 trillia,
1016 2631 1185 2715 tronugua
1209 2631 1300 2714 sunt,
1324 2649 1378 2700 ut·

342 2715 420 2785 nihil
447 2713 600 2780 momenti
619 2711 772 2787 habeant,
796 2714 952 2805 nequead
968 2711 1174 2796 felicitatem,
1195 2719 1362 2801 nequead

343 2799 575 2868 infelicitatem.
616 2796 774 2886 Quaedam
785 2796 900 2862 habent
914 2800 1038 2881 quidem
1055 2805 1207 2867 momenti
1219 2804 1361 2887 aliquid,

345 2884 399 2951 sed
423 2900 526 2947 tuanen
548 2880 632 2945 nullu
649 2881 693 2945 est
717 2897 802 2946 tanta
817 2881 997 2962 calamitas,
1019 2902 1098 2968 quae
1119 2887 1221 2953 virum
1236 2888 1381 2956 bonum·

347 2954 509 3037 infelicem
528 2965 625 3049 possut
638 2964 776 3030 efficere.

389 3072 421 3118 c.
442 3070 487 3118 ιιι.
516 3050 575 3120 τὶς
594 3045 624 3110 li
643 3055 690 3109 riv
703 3049 828 3129 lirrp‘m
849 3050 949 3135 πίῃς]
981 3050 993 3116 l
1000 3052 1054 3119 loc
1087 3053 1191 3137 capite
1221 3055 1379 3140 explicat.

351 3156 421 3203 earn
446 3130 680 3218 quaestionem,
701 3150 794 3215 quam
818 3136 914 3216 paulo
939 3135 1026 3218 supra
1048 3141 1281 3222 proposuerat:
1308 3159 1365 3207 ec·

348 3220 424 3305 quid
440 3217 634 3303 posterorum
652 3213 803 3281 fortunae.
814 3217 854 3282 ad·
865 3236 1006 3287 mortuos
1020 3224 1218 3304 pertlnmnt,
1241 3241 1367 3309 eosque

309 3346 313 3353 -
353 3304 511 3381 alliciant,
539 3300 703 3367 anminus.
751 3298 783 3366 ln
807 3308 1247 3391 qurupertratlandaprimum
1265 3328 1366 3393 penna·

347 3407 401 3471 tur
430 3406 447 3452 a
475 3386 584 3465 nobis,
615 3386 734 3450 aniruos
761 3387 921 3456 hominum
949 3389 1015 3455 eale
1038 3391 1239 3458 immortales.
1280 3392 1370 3463 Nam

350 3473 465 3541 frustra
483 3471 560 3535 haec
573 3470 677 3536 omnia
690 3488 914 3553 qtraerereutur
926 3471 979 3552 ,δῇ
990 3477 1082 3541 animi
1092 3496 1163 3541 rum
1181 3479 1382 3561 corporibuu

353 3559 529 3627 interirent.
579 3556 750 3635 Secundo,
782 3556 887 3639 plures
922 3561 988 3623 esse
1019 3560 1048 3624 dt
1080 3561 1236 3627 dillindlas
1270 3562 1374 3630 homi·

358 3662 433 3711 num
455 3655 596 3706 mentesa
624 3658 712 3718 non,
734 3656 770 3705 ut
796 3643 920 3721 quddam
945 3644 1081 3725 volunt,
1103 3664 1193 3711 unum
1211 3649 1385 3717 omnium·

355 3748 427 3796 nam
451 3726 493 3790 fit
517 3742 644 3809 quoque
666 3724 766 3806 pofita
781 3725 1031 3808 immortalitate,
1051 3747 1088 3793 ut
1102 3749 1169 3796 earn
1190 3731 1385 3815 Averrodw

362 3816 394 3879 dt
411 3810 534 3897 quidam
548 3809 599 3874 alii
618 3824 761 3893 ponunt,
780 3810 813 3874 id
829 3810 894 3891 eli,
918 3811 960 3876 ita
988 3828 1023 3877 ut
1044 3814 1113 3895 poll
1132 3828 1266 3881 mortem
1292 3818 1371 3885 nihil

355 3895 486 3983 superfit
510 3894 649 3960 Platonis
672 3909 727 3958 aut
748 3896 886 3960 Socratis
916 3899 1098 3980 proprium,
1126 3900 1222 3966 inanis
1238 3903 1377 3970 omnium

358 3980 482 4049 haee&
501 3977 726 4059 supervacanea
742 3980 881 4062 qutaellio
898 3981 989 4046 esset.
1030 3981 1145 4065 Neque
1165 3985 1382 4067 laborandum·

361 4069 425 4148 est,
442 4063 556 4130 etlumli
573 4063 650 4129 haee
673 4062 864 4129 naturalibus
881 4071 1071 4143 argumentis
1088 4070 1221 4152 prolutre
1236 4084 1385 4157 nequet-³

360 4172 449 4230 mur,
468 4164 577 4229 neque.
596 4146 736 4213 fortassis
751 4146 922 4213 dissolvere
943 4151 1077 4219 rationes
1094 4156 1265 4235 quasdam,
1288 4172 1379 4240 -quaa

359 4236 501 4313 afferunt
517 4233 558 4307 ii,
581 4234 634 4319 qui
656 4233 828 4299 contrarias
843 4233 1007 4317 opiniones
1031 4252 1169 4304 tuentur.
1192 4236 1385 4323 'Naturalitt

357 4320 441 4408 enim
466 4316 780 4421 omnium-'gentium
809 4317 976 4401 eonsensus
1005 4322 1214 4410 multopluu
1229 4324 1381 4477 ponderat

679 4446 699 4465 ··
735 4434 744 4447 ·
1293 4428 1381 4495 ⁸29⁰ss
