3475 5550
358 669 426 755 25⁶
569 655 624 726 M.
706 646 749 726 n.
827 651 1174 728 nlaatrr

400 816 619 901 ’ampl-baar]
653 811 747 904 Quasi
764 814 805 880 de
830 816 942 882 colore
964 817 1071 900 aliquo
1098 813 1221 882 locutus
1239 807 1304 897 est,
1326 827 1375 886 aaa

363 910 500 990 demque
521 907 551 968 in
573 909 754 984 metaphora
774 899 933 984 perstitit,
968 919 1040 967 cunr
1062 899 1163 968 statim
1183 900 1301 968 addidit
1327 913 1373 980 ar

351 1017 569 1136 ⁴¹25&ss
590 1065 805 1163 cymbalae]
826 1075 873 1152 Tq'
889 1069 969 1165 lprrq'
988 1067 1106 1136 Μοιῦπ.
1148 1067 1319 1138 ituantem
1344 1063 1375 1142 ἅ

365 1175 458 1223 tetus
473 1157 642 1236 interpres,
666 1155 877 1231 ritrlretrnus,
900 1161 930 1218 bt
948 1153 1162 1239 Argyropylus
1179 1155 1294 1236 legunt.
1341 1155 1374 1224 ln

348 1247 430 1308 ollis
444 1241 528 1306 libris
545 1240 679 1324 legitur,
698 1237 747 1298 ab)
766 1246 884 1314 noim
903 1239 1111 1318 emmiu,
1134 1259 1225 1322 quam
1246 1240 1375 1324 scriptu·

367 1347 432 1394 tarn
447 1325 570 1392 secutus
584 1321 627 1388 cll
643 1321 834 1388 Feliciones.
858 1321 951 1394 milri,
975 1321 1029 1388 ctli
1052 1342 1115 1390 non
1128 1324 1261 1389 multum
1277 1325 1376 1392 intoe.

365 1412 434 1482 cll.
469 1427 571 1476 tamen
603 1409 678 1472 lucc
691 1405 795 1473 nollra
807 1408 902 1488 tnagis
918 1408 1043 1471 arridet.

403 1499 447 1558 ol
465 1496 496 1576 ᾧ
517 1493 624 1576 prob]
649 1491 787 1557 Eandem
803 1487 984 1554 sententiam
1002 1493 1043 1556 ira
1058 1491 1207 1602 etprctir
1222 1485 1374 1578 principio

341 1579 421 1652 :ffli-
457 1597 508 1642 lo.
536 1581 603 1637 lau?
629 1574 657 1638 di
684 1585 709 1659 ις
737 1579 802 1648 σός
822 1569 873 1634 τω
894 1573 918 1642 θ’
936 1577 1003 1647 ἤθη
1031 1580 1122 1658 ι’μτυ
1140 1587 1235 1659 μέχρι
1258 1573 1371 1668 εἷρπ’

364 1665 463 1742 κόρω
484 1662 521 1725 οἷς
542 1661 578 1720 δεῖ
598 1665 622 1740 αξ
644 1667 732 1740 perede
754 1657 775 1719 ἶ
795 1658 842 1722 lai.
1345 1677 1349 1698 ¹

403 1747 454 1810 'aa
475 1745 503 1808 b*
523 1743 720 1827 panaro]
742 1742 935 1826 Septimum,
955 1763 992 1810 ac
1007 1745 1195 1828 pollremum
1214 1765 1373 1828 argumen·

366 1847 446 1898 tum.
488 1827 535 1894 Ut
559 1845 629 1902 ars,
650 1826 692 1890 ita
716 1827 864 1894 &virtus
883 1829 913 1894 in
929 1847 992 1908 eo,
1020 1831 1105 1913 quod
1128 1831 1286 1896 dirlieilius
1303 1831 1385 1916 ell,.

364 1913 512 1982 eernltur.
554 1905 784 1978 Difficillimum
801 1927 904 1977 autem
929 1912 973 1979 ell
994 1913 1025 1980 in
1048 1915 1174 1998 agendis
1204 1915 1297 1982 rebus
1319 1934 1375 1982 vo·

363 2000 477 2083 luptati
491 1995 604 2080 reniti,
625 1996 735 2078 &ejus
752 1995 969 2062 blandimentis
988 2017 1051 2064 non
1074 2000 1268 2066 commoveri
1286 2048 1296 2067 .
1321 1989 1376 2086 igi·

368 2101 420 2151 tur
436 2083 466 2150 in
486 2100 526 2146 eo
541 2081 680 2156 cernitur
696 2081 805 2144 virtus.
848 2081 898 2147 Ad
924 2080 1000 2148 llaec
1023 2099 1127 2148 autem
1154 2085 1375 2168 intelligenda,

364 2169 499 2255 primunr
517 2165 824 2231 animadvertendum
841 2165 903 2245 est,
926 2164 1048 2233 facilius
1070 2166 1136 2232 esse
1151 2169 1305 2252 quidlibet
1328 2165 1374 2238 H·

367 2272 463 2332 cere,
492 2269 583 2334 quarn
605 2249 687 2314 idem
708 2249 785 2314 illud
805 2247 1031 2330 benefacere,
1055 2270 1089 2318 ut
1109 2253 1260 2337 pingere,
1281 2273 1374 2338 quana

365 2340 448 2406 bene
466 2336 619 2420 pingere,
651 2351 789 2414 canere,
825 2353 918 2414 quam
944 2333 1026 2400 bene
1046 2354 1181 2418 canere,
1200 2339 1375 2426 eodemque

366 2422 465 2490 modo
486 2421 517 2485 in
543 2417 670 2484 ceteris.
711 2419 760 2485 Es·
777 2418 814 2484 lis
830 2419 925 2501 igitur
937 2421 1077 2492 duobus.
1098 2422 1188 2488 arsin
1207 2441 1266 2500 eo,
1288 2421 1373 2508 quod

365 2503 522 2575 difficilius
537 2503 608 2582 est,
627 2503 683 2568 lita
702 2502 746 2568 est
764 2553 772 2572 .
792 2521 855 2568 non
877 2504 958 2569 enim
982 2503 1158 2598 limpliciter
1173 2525 1305 2587 canere,
1322 2521 1375 2576 aut

388 2595 516 2674 ingere,
546 2589 621 2654 artis
649 2585 713 2664 ell,
743 2586 794 2653 led
815 2589 896 2654 bene
919 2607 1051 2672 cancre,
1080 2590 1222 2676 beneque
1238 2593 1375 2676 pingere.

364 2614 493 2745 Heinde
511 2673 532 2740 fi
549 2673 615 2738 duo
629 2673 765 2740 artilicca
782 2673 863 2738 idem
878 2673 1052 2756 praestent,
1073 2693 1167 2754 eum,
1189 2677 1241 2759 qui
1262 2677 1292 2740 in
1313 2673 1373 2744 dif·

368 2759 495 2829 faciliori
518 2757 644 2823 materia
660 2758 742 2823 idem
759 2757 896 2835 efficiat,
919 2759 1102 2839 meliorem,
1123 2779 1160 2825 ac
1175 2757 1374 2845 praestantia·

366 2864 433 2913 rem
444 2842 597 2908 artificem
611 2843 721 2907 videri.
761 2843 906 2925 Exempli
921 2845 1024 2910 caussa
1036 2892 1045 2919 ‚
1059 2863 1099 2909 eo
1115 2845 1246 2929 quisque
1263 2846 1374 2913 melior

343 2928 501 2997 ,musteus
525 2924 674 3005 habetur,
694 2943 759 3007 quo
776 2926 953 3003 difficiliora
972 2928 1114 3003 facilius,
1134 2930 1293 3013 expeditiu
1336 2946 1374 2997 ue

363 3010 553 3083 modulatur.
594 3008 701 3091 Atque
714 3008 776 3075 hoc
793 3008 859 3085 est,
880 3012 966 3093 quod
981 3013 1025 3078 ait
1044 3012 1247 3095 Aristoteles,
1263 2948 1373 3081 affl&

257 3156 262 3171 ,
363 3104 403 3177 «ᾗ
422 3094 580 3178 parmai„
599 3096 710 3167 ,elram
730 3090 803 3159 «lm.
844 3093 1026 3179 Eademque
1046 3098 1198 3165 virtutum
1212 3100 1293 3165 ratio
1310 3092 1373 3179 est,

347 3234 350 3239 .
364 3197 402 3247 ut
416 3198 488 3245 cum
507 3174 605 3255 bene,
624 3194 662 3241 ac
677 3174 873 3243 laudabiliter
887 3194 1019 3264 uterque
1031 3180 1145 3261 faciat,
1166 3184 1196 3249 dt
1210 3184 1264 3267 qui
1278 3200 1374 3267 pecu·

341 3266 416 3333 ,nlo
437 3262 477 3329 ad
497 3258 607 3343 injulle
624 3258 824 3343 judicandum
847 3262 960 3333 adduci
981 3286 1043 3333 non
1058 3266 1184 3351 potest,
1204 3271 1235 3337 dt
1258 3268 1313 3352 qui
1334 3284 1375 3335 ne

425 3345 526 3431 posito
548 3345 676 3428 quidem
701 3348 813 3412 mortis
830 3364 939 3428 metu,
962 3349 1045 3418 hunc
1065 3368 1168 3419 tamen
1185 3371 1225 3419 eo
1238 3344 1377 3418 laudabi-

363 3368 477 3501 Haorem
493 3428 744 3512 resecaremus,
768 3451 834 3519 quo
852 3430 1010 3500 difficilius
1024 3434 1173 3503 estvitam
1191 3453 1375 3505 contemne·

364 3536 426 3594 re,
461 3533 553 3597 quam
585 3515 758 3598 pecuniam.
810 3514 908 3584 Nunc
938 3518 1107 3605 syllogismi
1132 3519 1375 3605 assumptionem

363 3599 617 3679 confideremus,
638 3599 669 3665 in
684 3619 744 3684 qua
800 3601 896 3667 imum
913 3603 953 3669 de
965 3603 1129 3671 Heraclito
1145 3600 1212 3691 ipso
1227 3598 1380 3673 nonnulla·

360 3689 486 3761 dicam,
516 3683 629 3751 deinde
652 3684 693 3751 de
715 3686 745 3749 di
779 3704 800 3750 o
823 3686 939 3769 ipsius,
966 3690 1054 3773 quod
1079 3689 1130 3756 hic
1146 3692 1186 3758 ab
1208 3688 1378 3758 Aristotele

360 3772 515 3842 referturr
537 3768 697 3853 postremo
717 3770 759 3835 de
778 3768 915 3836 veritate
936 3772 1023 3853 ejus,
1055 3776 1140 3859 quod
1160 3779 1210 3842 bic
1231 3774 1375 3841 traditur.

362 3855 547 3927 Heraclitus
570 3852 721 3939 Ephesius
745 3853 914 3921 denatura
938 3855 1068 3925 brevem
1094 3859 1232 3928 libellum
1257 3858 1376 3943 scriplit

361 3946 407 4011 ita
424 3939 618 4019 obscurum,
651 3952 688 4003 ut
705 3936 770 4019 ipse
789 3938 861 4005 inde
876 3956 1010 4007 vocatus
1033 3944 1070 4010 lit
1091 3955 1234 4025 naama,
1255 3945 1287 4010 id
1308 3936 1376 4027 est,

361 4022 695 4105 tenebricosus,culus
705 4021 898 4107 intelligendi
910 4024 1081 4108 cupiditate
1091 4028 1231 4096 incensus
1241 4028 1378 4111 Darius,

363 4113 525 4181 Persarum
545 4124 628 4185 rex,
658 4102 856 4173 Heraclitum
872 4106 970 4192 ipsum
989 4111 1027 4178 ad
1042 4111 1141 4196 seper
1154 4116 1272 4181 litteras
1285 4108 1377 4198 pelli·

363 4216 439 4264 cere
457 4186 671 4269 conatusest‚
692 4184 746 4256 sed
759 4186 882 4259 frustra.
924 4192 1047 4279 Magno
1064 4199 1146 4263 enim
1172 4200 1203 4264 dt
1226 4199 1311 4264 elato
1326 4197 1377 4263 vir

361 4282 468 4353 animo
482 4292 582 4366 aeque
596 4273 679 4362 regie
692 4272 941 4379 pollicitam
953 4279 1113 4369 neglexit,
1132 4299 1228 4371 atque
1243 4300 1381 4437 regnffl

302 4866 310 4885 f
339 4736 482 4890 fb
