3475 5550
538 699 586 754 ru
624 685 776 755 Anrsr.
802 685 991 758 ⁴Er'urca
1018 677 1182 758 'caum
1303 705 1372 766 nor

365 861 428 912 non
443 827 597 928 posnn'rn
618 844 840 914 moriuntur&
862 842 1054 914 exarescant.
1097 845 1186 912 Pleni
1213 848 1374 934 exemplo·

365 947 435 996 nim·
453 925 528 993 sunt
540 925 795 1012 Theophrastus,
817 926 1044 1010 Dioscorides,
1066 930 1193 996 Plinius.
1227 931 1324 1032 Quae
1346 933 1373 999 n

365 1015 432 1100 nnis
448 1013 595 1090 intuens,
622 1013 665 1078 hc
683 1031 812 1100 quoque
840 1030 943 1080 tannen
972 1014 1059 1080 omni
1085 1031 1135 1080 eas
1155 1013 1240 1080 sensu
1267 1033 1376 1088 carere

367 1098 556 1176 contendat,
577 1094 642 1182 ipse
660 1099 767 1184 potius
787 1095 998 1182 senstiflcsrere
1016 1098 1168 1164 videntur.
1207 1099 1294 1184 Ergo
1309 1098 1372 1166 Ga·

367 1183 452 1252 lenus
474 1199 624 1267 quoque,
644 1183 816 1258 martinius,
849 1183 881 1248 ἀ
898 1183 1040 1247 veritatis
1058 1182 1281 1249 amantissimus
1305 1187 1373 1268 phi·

362 1267 538 1350 ‚losuphus,
559 1267 590 1332 in
608 1263 714 1330 libello
729 1266 770 1330 de
782 1264 947 1331 substantia
963 1267 1145 1332 naturalium
1165 1265 1375 1349 facultatum,

365 1351 531 1422 Platonem
555 1348 779 1434 consequens,
807 1350 939 1434 stirpes,
972 1367 1142 1436 ceteraque
1165 1369 1246 1436 quae
1265 1353 1371 1421 oriun-

366 1451 415 1504 tur
434 1453 455 1500 e
473 1453 577 1507 terra,
597 1450 664 1500 tum
683 1434 824 1500 animalia
840 1433 908 1499 etse
921 1435 1016 1514 dicit,
1038 1452 1104 1502 tum
1125 1435 1169 1502 eis
1187 1429 1376 1503 sensunialh

366 1537 457 1606 quern
476 1519 600 1586 tribuit.
631 1517 733 1584 Aliter
750 1515 908 1586 Aristoteli
925 1515 1022 1585 visum
1042 1517 1106 1600 est,
1127 1522 1180 1617 qui
1194 1531 1369 1606 quanquam
1452 1569 1457 1580 .

364 1604 521 1672 interdum
534 1621 586 1668 ens
601 1603 776 1668 animalium
799 1604 929 1669 nomine
953 1604 1069 1685 allicit,
1092 1621 1171 1670 utin
1196 1605 1311 1671 libello·
1327 1607 1374 1672 de

364 1687 474 1758 somno
497 1691 530 1754 u
555 1687 686 1772 vigilia,
717 1686 838 1770 semper
859 1705 962 1753 tamen
983 1689 1172 1771 percipiendi
1197 1692 1294 1755 modo
1313 1691 1368 1756 rli·

365 1773 480 1853 menti,
518 1775 550 1839 Gt
568 1771 727 1838 crescendi
747 1772 933 1852 potestatem
955 1774 1122 1856 relinquit,
1143 1773 1371 1858 concupiscen·

367 1859 397 1924 tii
425 1865 465 1923 a'c
499 1855 649 1922 sentiendi
679 1858 821 1921 detrahit·
876 1857 1116 1925 Utrum-verius
1148 1858 1209 1935 sit,
1247 1858 1290 1923 illi
1320 1860 1366 1925 vi·

364 1943 485 2022 derint,
516 1940 572 2026 qui
598 1941 654 2006 fibi
678 1940 779 2006 studio
800 1941 1000 2020 habuerunt,
1013 1941 1193 2026 diligentius
1212 1961 1249 2008 nc
1264 1942 1365 2010 solici-

364 2027 425 2094 tius
449 2045 517 2106 ea,
543 2042 624 2110 quat
645 2026 761 2091 abdidit
783 2043 821 2090 ao
836 2031 960 2092 reti-ulit
973 2043 1099 2105 natura,
1125 2027 1227 2092 rimari
1241 2074 1251 2093 .
1265 2029 1369 2096 -nobin

360 2113 390 2178 in
406 2111 517 2178 talium
532 2113 672 2176 virorum
686 2109 875 2177 dissensione
896 2111 1045 2192 judiciuin
1071 2110 1208 2177 nostrum
1230 2113 1370 2198 interpo-

361 2215 433 2264 nere
449 2195 562 2278 religio
580 2193 640 2260 est:
661 2192 796 2278 sitisque
809 2214 867 2260 nos
886 2193 1030 2260 instituto
1048 2209 1057 2272 ·,
1085 2215 1122 2260 oc
1138 2195 1285 2282 suscepto
1301 2218 1369 2263 mu·

360 2281 424 2348 rieri
438 2277 547 2346 facere
570 2279 739 2359 ducimus,
768 2279 789 2344 h
810 2289 924 2344 eorum¹
934 2281 1107 2347 sententias
1122 2281 1368 2364 percenseamus.

361 2363 396 2432 ln
415 2383 495 2450 quas
511 2363 657 2448 quoniam
685 2362 835 2446 ingressus
851 2364 936 2444 suth,
956 2363 1118 2448 vestraque
1134 2365 1194 2446 ipsu
1210 2367 1367 2449 singularis

360 2451 523 2527 retentio,
545 2451 575 2514 tlt
596 2447 626 2512 in
649 2467 701 2512 me
721 2447 816 2514 defixi
835 2451 974 2516 oninium
991 2449 1095 2514 vultus
1112 2449 1203 2516 finem
1223 2453 1296 2514 mihi
1317 2450 1366 2532 fa·

358 2535 466 2610 dunt,
503 2533 609 2597 hnium
632 2537 733 2597 rerum
757 2536 1090 2612 chinmemorationem
1119 2533 1209 2596 vobis
1231 2553 1294 2599 non
1321 2536 1368 2601 in*

356 2615 634 2698 ‘arandam-esse,
660 2617 814 2700 provehor
833 2617 971 2704 longius:
1008 2617 1266 2701 admoneboque,
1291 2636 1367 2686 cum

390 2705 447 2768 iitti
469 2698 661 2768 tls-'Galenus
685 2703 872 2785 appetendis
891 2705 955 2768 vim
974 2703 1065 2767 etiam
1079 2703 1110 2768 in
1136 2700 1277 2785 stirpibus
1300 2703 1368 2768 esse

356 2786 511 2866 statuent,
534 2804 597 2851 non
612 2784 843 2872 desnirse'‚³qui
857 2805 923 2853 enm
942 2788 1034 2852 etiam
1053 2787 1088 2853 in'
1098 2786 1278 2853 animalibus
1296 2788 1364 2853 esse

353 2888 569 2957 pernegarunt.
611 2874 780 2957 Siquidem
802 2872 1008 2960 Chrysippus,
1031 2876 1055 2932 h
1078 2870 1268 2954 alii'quidam
1283 2874 1366 2938 Stoi-

352 2974 407 3023 ene
419 2958 602 3042 disciplinae
621 2959 760 3025 hominm
770 2966 785 3038 ‚²
804 2960 857 3041 qui
884 2958 912 3022 id
932 2958 985 3023 lihi
1007 2956 1199 3041 propositum
1219 2957 1364 3025 videntur

353 3040 514 3121 habuisse,
549 3060 583 3108 ut
611 3060 756 3127 tanquam
779 3062 897 3107 merces
920 3044 1119 3126 pererrinas,
1141 3042 1182 3103 ito
1202 3040 1369 3127 atlmirahi.·

352 3128 422 3208 les,
454 3130 485 3193 (lt
510 3114 655 3191 absurdas
682 3128 843 3211 opiniones
873 3128 903 3193 in
935 3108 1158 3211 philosophiam
1181 3124 1364 3208 inferrent,

351 3211 575 3279 affirmareauh
593 3213 684 3289 sunt,
712 3231 815 3295 neque
835 3208 1056 3295 concupisco:
1077 3209 1248 3273 nohnrntcs
1268 3212 1366 3274 rntio·

354 3296 400 3365 nis
422 3312 596 3381 expertes,
624 3314 727 3381 neque
753 3294 866 3361 irasci.
902 3296 987 3378 quod
1011 3292 1219 3359 stultissimum
1245 3294 1359 3379 dogma

352 3380 534 3449 confutavit
563 3378 701 3446 Galenus
720 3383 750 3446 in
774 3381 859 3446 libris
882 3380 923 3445 de
956 3379 1076 3459 placitis
1105 3377 1305 3459 llippaerntis
1330 3382 1371 3447 &¹

353 3464 503 3533 Plutonis.
542 3464 682 3531 Fuerunt
700 3470 812 3538 etiam,
836 3467 888 3545 qui
905 3464 1080 3543 sueinum,
1102 3462 1166 3525 hve
1192 3460 1289 3542 serio,
1312 3482 1363 3528 eas

353 3550 544 3626 animantes,
565 3552 778 3636 quaeratione
793 3566 898 3613 carere
913 3548 1188 3629 dicuntur,neqne
1202 3546 1283 3611 illius
1296 3566 1364 3629 par·

351 3634 460 3719 ticipet
483 3634 575 3712 esse,
606 3650 701 3719 etque
725 3635 882 3700 hominem
893 3633 1061 3711 ¹dicerent,
1092 3630 1266 3715 legiturque
1282 3633 1369 3698 inter

354 3718 532 3785 Plutirchi‘
539 3718 690 3804 opuscula
722 3718 875 3802 dialogus·
893 3716 1072 3800 perelegans
1106 3715 1166 3787 no)
1185 3715 1209 3779 ‘a'
1225 3715 1257 3777 al
1275 3716 1367 3796 dana

352 3814 417 3883 nh?
437 3806 547 3890 gloz,
568 3804 601 3869 st
613 3804 719 3869 endem
740 3804 828 3868 dere
845 3802 1055 3883 copiohshore
1071 3798 1206 3883 disputat
1223 3798 1365 3885 Porphy-

352 3886 411 3950 rius
432 3896 461 3951 ὁ.
491 3892 542 3950 τιτι
564 3886 626 3961 m)
654 3888 757 3972 ἠχὴ.
806 3886 866 3951 Sed
886 3906 994 3951 verum
1014 3883 1079 3962 est,
1106 3885 1190 3965 quod
1208 3884 1250 3949 ait
1270 3884 1364 3951 Cicu-

350 3990 400 4035 ro:
423 3974 597 4055 opinionum
619 3987 779 4035 cominente
802 3974 880 4036 aleier
897 3975 981 4037 diet:
1012 3982 1137 4033 naturae
1151 3970 1272 4053 judicia
1297 3978 1364 4031 enni

351 4052 454 4137 firmor
490 4055 567 4121 lllae
587 4057 779 4134 sententiae,
801 4056 842 4121 tle
862 4056 975 4134 quihus
993 4052 1089 4117 modo
1104 4052 1186 4130 uhi,
1207 4050 1365 4116 vetustate

349 4156 385 4205 re
406 4142 639 4225 longinquitate
661 4142 809 4223 temporis
830 4137 1084 4206 obsoleverunt.
1116 4152 1212 4219 atque
1230 4150 1366 4200 evanue·

347 4236 429 4291 runt.
472 4224 701 4289 Aristotelicum
720 4244 818 4307 prope
832 4244 943 4291 omnes
960 4221 1088 4287 normali
1110 4222 1243 4299 quodam
1260 4215 1366 4309 lustin-j

346 4308 398 4393 siu
411 4310 604 4399 sequuntur:
626 4310 736 4377 vivere
750 4310 879 4395 stirpes,
899 4307 955 4471 §d
976 4326 1039 4376 non
1052 4305 1182 4373 sentire:
1204 4302 1321 4454 vivn'res
1332 4302 1366 4369 or
