3475 5550
343 681 389 754 on
555 664 609 735 M.
662 606 1174 758 ,nsnrunuu

276 835 280 844 '
343 793 506 918 officinm
521 823 648 910 seruare
668 825 821 907 cupimus:
842 840 1001 904 torumque
1018 842 1075 888 not
1093 826 1193 909 magis
1213 821 1360 911 militet,

344 920 398 1003 qui
413 912 543 988 nossrum
564 907 797 994 misericordiam
819 927 879 973 aaa
895 911 1076 991 requirunt,
1098 931 1189 993 quum
1203 919 1256 994 qui
1273 918 1360 981 islam

343 1000 538 1146 efflagitari?
561 1007 671 1080 quanto
688 990 743 1056 iot
765 996 863 1076 mugit
886 996 920 1056 in
928 992 1108 1073 sorrisfimis
1123 995 1241 1061 ciuibus
1251 998 1361 1077 facere

342 1090 476 1152 canemus
646 1083 647 1091 ’

386 1167 567 1251 Irascimur,
591 1157 718 1247 inquit]
741 1160 883 1226 Alterum
895 1175 1110 1243 argumentum
1126 1162 1274 1231 adversus
1288 1183 1360 1236 eant

343 1258 415 1323 dem
441 1250 630 1320 finitionem.
681 1245 817 1311 Poenam
845 1247 971 1328 exigere
992 1264 1055 1311 non
1079 1250 1224 1329 cupimus
1240 1253 1280 1316 ab
1302 1253 1360 1335 iis,

345 1341 398 1424 qui
413 1354 472 1403 nos
486 1330 596 1398 laesuri
610 1329 701 1408 sunt,
723 1327 775 1393 sed
796 1327 835 1393 ab
849 1331 885 1394 iis
902 1344 1022 1395 tanturn
1040 1332 1093 1411 qui
1114 1332 1275 1402 laeserunt.
1299 1336 1361 1402 ira·

345 1427 459 1493 scimur
477 1433 580 1482 autern
602 1414 695 1478 etiam
718 1413 754 1477 iis
776 1415 831 1497 qui
849 1413 992 1479 denobis
1014 1414 1172 1483 laedendis
1190 1420 1353 1503 cogitant,

343 1504 485 1595 quamvis
501 1502 640 1567 nondum
656 1495 808 1563 laeserint.
850 1497 925 1563 Non
949 1496 993 1563 est
1018 1498 1114 1584 igitur
1136 1503 1177 1566 ira
1203 1507 1356 1585 cupiditas

344 1607 467 1682 poenae
489 1583 669 1669 exigendae.
709 1576 912 1664 Respondet,
934 1586 1056 1665 eosqui
1077 1585 1273 1654 laederemus
1298 1608 1353 1654 cu·

236 1691 240 1706 ‘
345 1680 454 1766 piant,
474 1670 578 1735 animo
593 1668 654 1750 jam
670 1666 700 1730 dt
717 1665 913 1750 cogitatione
928 1666 1059 1732 saedere.

394 1754 552 1838 Urseius,
574 1747 699 1840 inquit]
724 1748 870 1815 Tertium
885 1768 1108 1834 argumentum.
1133 1750 1241 1821 Nemo
1254 1776 1356 1842 usque

347 1865 388 1911 eo
412 1842 551 1908 infirmus
569 1834 636 1915 est,
664 1849 699 1898 ut
714 1834 763 1898 ves
782 1835 999 1918 potentissimo
1015 1854 1077 1901 non
1092 1837 1248 1905 irascatur.
1288 1842 1355 1907 No

346 1947 410 2013 que
429 1942 532 1990 tuanen
560 1920 680 2006 sperat,
706 1918 762 1984 nisu
791 1919 882 2001 plane
903 1919 1049 2004 desipiat,
1079 1919 1110 1984 se
1125 1923 1164 1985 ab
1182 1943 1221 1988 co
1239 1944 1355 2006 poenas

346 2011 540 2079 exustarum.
581 2002 673 2070 Aliud
690 2002 843 2087 igiturest
861 2002 969 2083 irasci,
990 2004 1076 2070 aliud
1090 2024 1221 2088 poenam
1236 2025 1352 2074 concu-

344 2098 474 2184 piscere.
515 2088 643 2173 Duplex
670 2086 720 2153 hic
740 2086 898 2171 responsio
924 2088 985 2152 est.
1020 2107 1091 2156 nam
1109 2092 1138 2153 dt
1157 2095 1354 2176 muitacopi·

343 2201 415 2250 mus
434 2195 514 2263 quae
544 2192 609 2239 non
635 2170 813 2254 speramur:
836 2172 866 2238 dt
887 2173 916 2236 in
938 2183 1138 2238 tanta‘rerum
1157 2177 1357 2245 humanarum

352 2258 556 2332 inconstantia
575 2258 695 2341 sperare
710 2267 851 2341 pocnam'
867 2257 960 2322 etiam
973 2257 1195 2325 infirmissimus
1209 2283 1225 2326 a
1239 2279 1350 2345 poten·

349 2348 468 2418 tissime
485 2340 598 2428 potest.

388 2432 526 2499 Primum
552 2422 704 2509 diximus]
737 2422 798 2490 Ubi
820 2421 920 2503 dixit,
949 2422 1068 2491 sinihil
1088 2425 1196 2495 deest?
1215 2427 1276 2497 Sed
1290 2430 1353 2512 jana

346 2509 436 2603 supra
453 2515 579 2592 monui,
602 2510 700 2577 multa
712 2507 886 2575 desiderari.
962 2521 964 2525 ‘

333 2666 341 2686 s
389 2596 606 2685 Concupiscont
620 2606 718 2660 aurern
730 2591 995 2673 samnaticum
1009 2612 1067 2658 non
1085 2594 1230 2685 possunt]
1254 2599 1357 2749 Quae·

343 2689 371 2756 ri
389 2683 516 2774 potest,
544 2699 654 2748 verum
675 2697 717 2744 ne
742 2677 780 2744 sit
799 2677 882 2762 quod
906 2676 956 2742 hic
969 2679 1105 2749 dicitur.
1130 2686 1264 2768 concupi
1281 2705 1356 2751 cere

227 2806 265 2846 ,.··
346 2771 490 2850 homines¹
511 2766 605 2832 etiam
628 2784 661 2828 ea
685 2780 765 2844 quae
786 2782 849 2828 non
865 2763 1011 2846 presunt,
1034 2785 1071 2831 an
1087 2765 1117 2830 id
1136 2765 1224 2831 sanae
1241 2773 1358 2837 mentia

230 2862 233 2868 ’
344 2855 524 2924 bominibus
544 2847 599 2914 usu
619 2849 727 2912 uenire
742 2866 803 2912 non
824 2847 931 2928 possit.
974 2847 1158 2913 Aristoteles
1177 2853 1307 2934 quidem
1321 2856 1355 2921 li·

344 2943 405 3008 bro
444 2935 581 3004 secundo
625 2932 866 2996 Rhetoricorurn
908 2929 1034 2995 videtur
1079 2933 1167 2999 aliter
1208 2935 1353 3019 sentire,

345 3043 439 3110 quam
459 3016 576 3089 Seneca
589 3066 598 3083 .
620 3031 711 3097 negat
728 3015 832 3092 enim,
852 3032 1028 3098 quenquam
1042 3035 1156 3100 cupere
1174 3039 1210 3085 ea
1224 3042 1304 3108 quae
1318 3025 1351 3089 se

345 3106 495 3192 consequi
523 3120 586 3168 non
610 3098 702 3182 ptmsc
721 3098 880 3180 opinetur.
920 3098 1024 3164 Verba
1048 3102 1239 3182 ipfiusvhaec
1264 3107 1353 3174 sunt:

345 3193 439 3258 ου’)ᾁς
459 3188 485 3253 di*
504 3196 551 3248 erit
572 3190 722 3263 Φανομὸιοη
746 3183 875 3244 diutim
898 3188 995 3258 ipsura
1016 3187 1093 3264 αὐτῷ’,
1139 3188 1184 3254 At
1203 3191 1353 3257 Aristote-

344 3280 391 3345 les
408 3274 547 3358 loquitur
568 3288 632 3334 non
649 3266 828 3348 simpliciter
842 3265 898 3333 oio)
913 3275 961 3328 πῖ,
983 3268 1126 3346 diutim,
1149 3271 1201 3339 scd
1221 3276 1281 3354 nei
1301 3284 1351 3339 «ci

347 3362 499 3444 φωμένων
526 3351 656 3418 assurim
675 3351 752 3415 uhts
796 3349 879 3415 Fieri
902 3369 1007 3419 autem
1033 3355 1137 3440 potest
1150 3404 1161 3437 ‚
1199 3376 1234 3423 ut
1260 3361 1356 3427 iratu}

346 3445 417 3530 quis
438 3436 641 3520 concupiscat
667 3454 703 3500 ea
726 3453 859 3518 quorum
885 3454 1019 3520 compos
1042 3439 1128 3504 effici
1149 3462 1212 3509 non
1232 3443 1355 3526 potest:

345 3546 420 3598 cum
438 3541 541 3592 tamen
556 3518 641 3605 ipse,
663 3522 707 3585 ira
717 3536 903 3586 occaecatus
917 3522 1006 3586 aliter
1020 3524 1181 3608 opinetur:
1202 3544 1354 3593 autcerte

344 3618 464 3682 interca
486 3627 549 3676 non
575 3605 715 3690 cogitet,
743 3605 810 3671 ficri
833 3605 884 3669 illa
906 3605 1045 3689 posint,
1069 3627 1107 3674 an
1124 3612 1233 3677 minus.
1278 3613 1354 3681 Non

345 3707 485 3788 pugnant
506 3705 611 3758 autem
640 3690 734 3754 haec:
763 3691 919 3755 neminem
939 3709 1054 3773 cupere
1069 3712 1103 3757 ea
1118 3713 1198 3777 quae
1217 3694 1249 3761 se
1262 3697 1352 3763 naiso

345 3783 443 3852 modo
458 3792 550 3863 putet
572 3772 720 3858 consequi
738 3772 845 3857 posse:
881 3775 916 3841 dc
939 3776 1055 3840 multos
1073 3796 1191 3860 cupere
1217 3799 1251 3844 ca
1274 3796 1356 3865 quae

343 3863 491 3943 consequi
514 3881 577 3928 non
591 3861 730 3943 posfint,
762 3878 833 3925 cum
850 3872 904 3922 aut
919 3857 971 3941 ipfi
986 3878 1091 3926 errore
1113 3862 1198 3930 ducti
1210 3866 1300 3931 aliter
1315 3868 1357 3933 de

257 3989 262 3997 ·
345 3958 384 4022 iis
398 3951 554 4035 judicent,
575 3959 628 4009 aut
642 3946 760 4009 interea
775 3958 838 4009 non
856 3944 998 4025 cogitent
1015 3946 1086 4010 talia
1101 3949 1180 4014 esse.
1202 3950 1262 4015 Sed
1276 3971 1355 4018 non·

348 4058 390 4109 ne
418 4035 509 4119 plena
530 4030 596 4093 vita
613 4026 827 4110 exemplorum
843 4023 907 4103 est,
936 4028 1034 4094 musta
1057 4049 1174 4117 cupere
1187 4034 1355 4116 homines,

287 4190 291 4199 ,
348 4138 431 4211 quae
449 4117 550 4184 sciunt
564 4112 653 4191 uulso
671 4111 767 4176 modo
777 4109 849 4177 sieri
862 4109 980 4193 posse?
1357 4138 1359 4149 ·

388 4251 482 4320 Nunc
506 4263 560 4335 ²3⁰
588 4237 928 4343 Triptolemraupmm
948 4237 1139 4329 crastenum
1160 4262 1286 4325 currus,
1380 4276 1393 4301 ·.

1315 4372 1359 4436 iit
