3475 5550
349 685 416 738 ποτ
553 658 610 732 Μ.
684 658 743 734 Α..
806 659 1178 734 Mutant·

344 819 462 908 sentire
476 831 586 898 cetera
606 834 729 902 praeto
752 816 912 888 hominem
928 817 1101 902 animalia,·
1118 817 1254 895 sednon
1269 817 1323 888 rau

346 907 464 980 einana
489 905 543 968 has
563 918 632 990 ¹tres
653 889 822 970 facultates
839 908 868 972 in
884 905 952 970 solo
967 904 1095 971 homine
1106 904 1288 986 conjunctas
1305 923 1323 970 c

343 992 528 1091 pulutatque
542 987 681 1070 reperiri.
699 987 748 1054 Ex
768 988 970 1073 quibuscum
990 987 1053 1065 sola
1069 1007 1125 1068 ea,
1147 990 1178 1057 in
1200 1007 1261 1071 qua
1280 1005 1323 1054 rat

347 1073 446 1154 inest,
465 1072 583 1140 homini
610 1074 734 1156 propria
754 1073 814 1150 fit,
828 1133 831 1138 .
843 1073 985 1149 constat,
1008 1074 1167 1170 ppoptiutn
1190 1091 1226 1138 ac
1246 1091 1323 1156 prae

345 1177 444 1310 pnsum
467 1155 600 1224 hominis
621 1157 739 1225 bunum
762 1156 959 1241 inperfecta
980 1157 1063 1224 illius
1083 1159 1207 1225 afflone
1224 1156 1323 1242 positu

396 1262 425 1310 c.

346 1265 443 1396 &Est
466 1341 571 1392 autem
596 1322 715 1408 duplex
729 1326 768 1392 in
793 1322 928 1394 hominis
944 1327 1066 1405 animo,
1088 1323 1250 1404 πύκόι,
1271 1322 1323 1405 π’,

345 1412 481 1493 stipsi
500 1415 516 1494 3
536 1411 631 1489 palia.
654 1409 822 1492 nonenim
841 1430 880 1476 ea
898 1425 1018 1478 tantum
1033 1427 1121 1495 pars,-
1140 1429 1221 1494 quae
1237 1406 1323 1494 ipson

344 1498 541 1574 alucinator,
571 1497 694 1574 latione
706 1496 752 1562 uti
763 1495 897 1575 dicitur,
919 1513 1028 1561 vetum
1045 1496 1141 1561 etiam
1151 1496 1248 1560 altera
1264 1511 1323 1578 qua

345 1582 439 1661 don,
458 1598 539 1664 quac
555 1576 703 1657 talieest,
721 1594 762 1646 ut
775 1580 903 1645 rationis
913 1580 1076 1664 imperium
1091 1580 1251 1662 accipere,
1267 1577 1322 1662 ciq

342 1683 455 1752 purete
471 1663 588 1749 posit.
614 1663 705 1728 utin
731 1664 919 1745 corporibus
943 1665 1044 1740 lucida
1064 1664 1211 1729 dicuntur
1235 1681 1322 1746 nun·

266 1829 268 1834 ¹
347 1764 491 1828 uotum,
510 1765 591 1831 quae
604 1745 707 1814 lucem
718 1766 757 1815 ex
770 1749 802 1813 se
817 1750 966 1828 mittunt,
988 1766 1023 1814 ut
1039 1748 1104 1826 sol,
1127 1747 1180 1814 scd
1196 1766 1231 1812 ea
1245 1746 1323 1828 etiae

348 1852 430 1920 quae
442 1832 508 1898 acci
533 1832 619 1910 iunt,
644 1847 680 1896 ut
694 1831 823 1900 vitrum.
864 1835 973 1916 litque
991 1853 1031 1900 ex
1051 1833 1107 1899 hac
1121 1833 1212 1898 aninti
1230 1827 1323 1912 facult

349 1851 589 1996 tuonqiuissonc
604 1914 669 1981 duo
684 1916 856 1997 virtutum,
878 1935 916 1982 ac
933 1918 1063 1983 totidem
1075 1917 1237 1982 felicitatis
1247 1935 1323 2000 gene

349 2003 544 2080 extiterunt.
578 2017 650 2065 nam
676 2017 757 2084 quae
780 2002 914 2069 virtutes
937 2003 1079 2086 propriae
1102 1998 1172 2069 sunt
1195 2000 1323 2084 superio

346 2089 431 2166 illiua
446 2103 485 2152 cc
508 2083 670 2150 divinioris
692 2085 806 2169 partis,
835 2104 892 2152 eae
911 2086 941 2152 io
959 2086 1142 2170 cognitione
1162 2105 1199 2149 ac
1214 2099 1323 2154 coutet

347 2172 490 2271 piatione
509 2169 628 2254 positae
648 2166 740 2250 sunt,
762 2167 937 2254 felicesque
961 2168 1049 2251 sunt,
1070 2171 1123 2254 qui
1140 2186 1241 2248 totam
1262 2170 1323 2248 vict

346 2280 380 2336 in
404 2273 510 2322 earutn
535 2253 763 2320 exercitatione
781 2252 982 2326 consumunt.
1032 2257 1111 2324 Sunt
1136 2271 1323 2340 cutemque

345 2340 514 2416 damulae
532 2337 686 2417 virtutes,
706 2351 787 2420 quae
808 2356 848 2404 en
870 2356 910 2403 eo
924 2337 1129 2417 enascuntur,
1151 2356 1223 2404 cunt
1241 2355 1323 2424 appe

348 2428 399 2494 tio
416 2422 529 2490 rationi
549 2421 766 2506 obtemperat,
794 2423 960 2504 ejusquen
1009 2420 1179 2506 raescripto
1203 2441 1323 2508 nunqua

351 2507 501 2590 difchip.
523 2523 579 2572 eae
597 2506 722 2574 tet-ione
744 2522 939 2574 cernuntur:
984 2521 1102 2590 untque
1123 2507 1176 2587 qui
1201 2525 1252 2573 cas
1275 2523 1323 2578 ω

350 2610 449 2670 cent,
471 2590 599 2659 felices:
619 2579 673 2658 scd
699 2589 762 2658 alio
782 2591 918 2675 quodam
957 2609 1052 2658 encre
1069 2589 1244 2670 felicitatis„

387 2675 646 2761 llaepquoniatn
673 2695 694 2754 a
714 2675 807 2744 nobit
827 2611 984 2761 copiofigut
1003 2677 1067 2742 alio
1092 2676 1168 2746 loco.
1188 2671 1323 2742 trautbt·

346 2780 420 2844 tur,
443 2761 648 2843 &liudiema
669 2758 731 2843 jam
749 2755 803 2827 dil
818 2762 919 2828 utatio
938 2760 1189 2840 fatiscerent,
1211 2777 1292 2846 quae
1314 2763 1323 2827 l

346 2863 510 2937 quuntur,
531 2846 563 2911 in
578 2842 744 2912 crastinum
759 2845 790 2911 di
836 2865 949 2912 centus.

386 2942 419 2999 al
437 2935 470 3008 Λ·
489 2929 567 2994 leiti
595 2928 785 3025 'ttnipan
822 2930 908 3029 Quid
934 2948 1075 3014 quaeque
1092 2950 1143 2997 res
1164 2931 1222 3011 lit,
1252 2926 1323 2997 defit

349 3013 481 3089 tione&
502 3012 704 3095 inteligitur,
727 3012 958 3091 &explicatut
1001 3014 1156 3082 Definitio
1176 3031 1230 3080 aut
1246 3032 1323 3099 gent

349 3104 382 3171 ot
404 3094 605 3175 differentiis,
631 3110 686 3161 aut
706 3097 947 3179 proprietatibus
973 3098 1105 3166 constat.
1156 3097 1284 3176 Genus,
1305 3094 1323 3163 ss

351 3202 418 3271 quo
439 3178 623 3248 includenda
644 3175 689 3245 est
714 3176 866 3259 felicitas,
890 3181 1058 3249 Aristotele
1082 3185 1164 3250 duce
1179 3178 1323 3267 perutilis

349 3270 470 3353 u'imuu.¹
503 3264 642 3332 Primum
664 3260 746 3360 ¹enim
768 3263 948 3344 statuimus,
978 3286 1236 3353 quarumcunque
1256 3284 1323 3333 reru

347 3350 509 3441 proprium
532 3347 614 3414 osset
633 3348 760 3430 aliquod
780 3368 860 3433 opus
883 3369 920 3414 ac
941 3371 1080 3434 munus,
1112 3370 1221 3417 eorum
1244 3352 1323 3417 boat

239 3506 252 3526 ,
350 3456 395 3505 co
419 3432 486 3520 ipso
511 3432 542 3499 in
563 3448 692 3497 munere
719 3432 810 3499 situm
837 3434 913 3501 etsc.
964 3436 1014 3502 Ex
1040 3436 1105 3519 quo
1132 3435 1323 3505 intclleximu

349 3516 568 3604 reperiendum
588 3514 655 3581 csse
674 3518 835 3615 proprium
856 3537 956 3603 opus,
978 3539 1015 3584 ac
1036 3539 1147 3591 munus
1163 3520 1296 3587 hominio
1316 3539 1323 3583 t

375 3606 404 3672 ui
422 3601 622 3687 praecipuum
650 3599 767 3668 honuni
786 3604 980 3689 propofitum
1006 3606 1124 3671 bonum
1146 3604 1323 3689 reperirem

376 3691 517 3757 'tarctun
563 3682 664 3753 Porro
683 3701 811 3767 autent,
837 3707 911 3755 cum
934 3707 969 3755 ct
991 3687 1112 3771 forma,
1140 3707 1202 3773 qua
1223 3690 1320 3775 quicq

353 3772 399 3842 cll
419 3772 453 3837 id
474 3767 562 3854 quod
583 3767 648 3850 cst,
674 3767 713 3836 lit
739 3769 814 3837 font
838 3789 877 3837 ac
897 3772 995 3870 princi
1020 3774 1083 3838 ium
1103 3774 1243 3859 oninium
1263 3772 1323 3840 atti

353 3876 449 3937 num,
468 3854 630 3936 quaerenti
640 3855 802 4003 propriant
819 3856 954 3923 hominis
968 3792 1123 3924 cilionem
1138 3859 1176 3924 ad
1192 3856 1287 3942 ipsum
1308 3854 1323 3923 i

354 3940 446 4012 minis
464 3937 619 4019 formant,
652 3956 705 4005 tvc
719 3946 897 4021 amum,
919 3942 949 4006 id
971 3939 1033 4020 est,
1053 3942 1090 4008 ad
1110 3945 1245 4009 animum
1259 3960 1323 4009 rect

352 4025 484 4096 retain
506 4020 581 4088 fuit.
626 4021 688 4089 Sed
713 4023 806 4089 animi
838 4024 990 4109 tripartita
1013 4043 1121 4093 natura
1145 4026 1201 4094 est.
1247 4026 1323 4095 linit

352 4110 509 4186 vivimus,
533 4106 640 4172 animo
662 4103 829 4187 sentinus,
856 4110 961 4174 anitno
986 4112 1113 4177 rationis
1133 4113 1323 4197 participetl

352 4208 435 4265 laun.
474 4192 557 4258 Cum
577 4187 719 4275 stirpibus
735 4191 801 4256 vita
824 4191 916 4258 nobis
930 4196 1106 4262 communit
1124 4197 1188 4264 cst:
1208 4193 1323 4263 cumb

353 4279 416 4357 luit
433 4273 563 4355 seusun
582 4275 744 4369 proprium
762 4277 883 4367 bunum
903 4276 1039 4355 nonnis
1064 4280 1163 4355 tatio:
1191 4299 1228 4352 ca
1250 4295 1323 4352 cete
