3475 5550
363 698 432 777 036
543 685 1198 758 uniar-orriri

361 845 510 915 ciendum
540 843 666 921 valent,
696 842 889 929 suscipienda
912 842 1000 908 sunt:
1028 860 1109 928 quae
1135 859 1253 935 autom
1278 846 1332 911 vei
1350 843 1405 911 toi·

354 936 455 1009 iant,
477 930 527 996 vei
549 930 743 1013 impediunt,
772 931 823 994 vei
847 929 963 1011 aliquid
987 947 1097 994 eorum
1121 948 1207 1011 quae
1235 929 1294 1012 ipii
1317 949 1405 1012 repu-

367 1035 486 1100 gnant,
506 1012 669 1091 efficiunt,
687 1013 730 1077 'ab
753 1015 788 1077 iis
809 1015 1022 1079 abstinendum
1042 1013 1097 1079 eii.
1136 1019 1189 1079 Str
1210 1017 1316 1098 igitur
1334 1014 1400 1079 feii·

359 1104 475 1178 nitas,
505 1100 607 1162 bonna
628 1116 730 1163 rerum
752 1096 910 1164 succmius
933 1116 1006 1163 cum
1035 1097 1155 1160 uirtute
1179 1099 1397 1180 conjuuiiuar

364 1204 418 1251 aut
432 1200 582 1247 caretum
606 1182 644 1246 ad
666 1186 763 1247 vitam
791 1183 1010 1268 pertinentium
1032 1182 1249 1261 abundantia,
1271 1201 1309 1247 ut
1324 1177 1395 1250 miii

366 1285 525 1354 praetcrea
545 1269 738 1350 requiratur:
758 1284 811 1331 aut
833 1266 1007 1332 suavisfimn
1029 1269 1095 1329 vita
1113 1284 1206 1332 extra
1222 1287 1328 1335 omne
1344 1286 1394 1352 pa·

366 1354 500 1419 ticulum
515 1352 630 1436 posita:
649 1366 703 1416 aut
716 1350 824 1416 firmus
841 1360 937 1418 iratur
954 1354 984 1417 ut
1000 1350 1258 1433 posseuionum,
1279 1354 1312 1419 ἀ
1328 1370 1392 1417 cor·

364 1456 499 1523 porum,
527 1454 599 1503 cum
618 1435 651 1499 vi
673 1452 711 1500 ac
732 1433 887 1518 potestate
908 1454 1018 1500 eorum
1038 1433 1339 1502 conservandorum
1362 1435 1390 1500 it

364 1524 516 1608 parandor
540 1540 581 1585 m.
623 1517 700 1583 Fere
722 1525 803 1585 enim
829 1521 940 1584 horum
961 1539 1056 1584 unum
1068 1567 1080 1600 ,
1102 1537 1158 1583 aut
1181 1522 1278 1603 plura
1295 1517 1391 1587 fuiti·

366 1622 463 1672 tatem
492 1541 559 1670 cyse
581 1619 692 1668 omnes
715 1600 865 1669 faterttur.
914 1604 1013 1694 Quod
1039 1604 1061 1670 ii
1088 1604 1151 1666 tale
1174 1604 1330 1688 quiddam
1347 1601 1386 1670 eii

365 1689 523 1768 felicitat,
544 1685 672 1752 necesse
688 1685 748 1762 est,
773 1705 877 1770 parton
889 1687 972 1754 iiiius
987 1689 1054 1753 ease
1068 1689 1301 1768 nobilitatem,
1319 1689 1387 1757 ami·

366 1793 478 1840 corum
499 1773 643 1854 copiam,
666 1771 820 1837 bonorum
849 1774 1039 1851 amicitiam,
1065 1773 1188 1851 bonos,
1210 1792 1251 1838 ac
1271 1775 1383 1839 virtute

363 1859 523 1947 praeditos
540 1856 642 1930 fiiioa,
669 1875 842 1940 eorumque
862 1855 1000 1940 ipsorum
1018 1859 1165 1941 copiam:
1186 1853 1341 1939 facilem,
1358 1858 1386 1925 (ι

364 1942 566 2009 commodam
594 1936 808 2020 senectutem,
840 1955 909 2006 tum
933 1959 1093 2026 praetera
1111 1943 1253 2007 virtutes
1279 1959 1384 2026 oorpo·

352 2030 430 2105 -ris,
453 2040 487 2089 ut
505 2026 620 2090 bonam
633 2025 865 2105 valetudinem,
885 2026 1165 2110 pulchritudinem,
1188 2028 1312 2106 robur,
1332 2043 1385 2113 ma·

355 2142 360 2151 ·
409 2112 579 2189 itudinem,
608 2106 691 2174 vires
715 2127 803 2192 aptat
818 2110 855 2175 ad
877 2113 1002 2193 pubiica
1020 2110 1214 2191 certamina,
1239 2111 1385 2196 gloriam,

364 2132 543 2274 ignorem,
580 2191 757 2275 prosperam
786 2192 976 2276 fortunam,
1011 2198 1194 2273 virtutem,
1228 2198 1261 2261 ἀ
1289 2212 1383 2282 parte

364 2282 483 2367 ipsius,
513 2278 728 2360 prudentiam,
756 2276 996 2357 fortitudinem,
1027 2281 1293 2363 temperantiam,
1311 2276 1386 2362 iuffi·

365 2369 461 2432 tiam.
488 2380 560 2427 nam
586 2365 629 2426 ita
654 2362 781 2426 demum
806 2382 878 2445 quis
898 2363 1077 2429 cumulatus
1104 2365 1196 2431 bonis
1224 2366 1385 2440 omnum,

364 2448 546 2530 nulliusque
565 2461 725 2527 praeterea
745 2447 788 2512 rei
809 2447 949 2531 indigens
971 2446 1089 2527 fuerit,
1110 2450 1129 2515 ir
1153 2451 1184 2514 ἀ
1205 2449 1245 2513 iis
1266 2447 1382 2534 quaein

367 2533 436 2620 ipso
456 2531 585 2599 homine
607 2529 697 2611 sunt,
718 2535 749 2597 &
764 2536 901 2599 externis
923 2533 1015 2599 bonis
1034 2532 1161 2599 affluat.
1180 2534 1384 2619 nequeenim
1422 2586 1424 2593 .

352 2631 491 2706 praeter
510 2613 606 2695 arec,
625 2615 685 2684 alia
704 2615 766 2681 ulia
787 2615 869 2682 sunt.
913 2618 949 2685 ln
966 2615 1032 2702 ipso
1050 2635 1156 2682 autem
1172 2618 1307 2685 homine
1321 2616 1384 2684 sunt

345 2719 436 2768 -tum
460 2700 577 2783 animi,
609 2713 677 2765 tum
698 2702 844 2787 corporit
866 2701 969 2769 bona:
998 2719 1088 2767 extra
1106 2718 1241 2783 autem,
1276 2700 1386 2769 nobili·

364 2806 433 2868 tas,
453 2785 567 2865 amici,
584 2784 756 2868 pecuniae,
776 2787 889 2854 honos.
930 2787 1112 2855 Conuenite
1134 2804 1299 2872 praeterea
1310 2786 1384 2856 arbi-

364 2890 503 2949 tramiti,
524 2871 555 2934 ἃ
575 2887 673 2953 upon,
694 2886 733 2934 ac
749 2869 877 2938 civilem
893 2874 1089 2957 potentiam,
1109 2870 1321 2940 &fortunam
1338 2870 1385 2940 td·

358 2957 456 3025 uase.
472 2972 542 3022 nam
565 2956 610 3019 ita
629 2954 754 3019 demum
775 2958 840 3020 vita
858 2957 898 3021 ab
916 2957 1002 3023 omni
1020 2956 1162 3040 periculo
1180 2956 1383 3026 remotisfina

365 3039 476 3110 fuerit.
517 3039 637 3106 Eodem
660 3038 754 3122 igitur
775 3040 874 3107 modo
894 3043 1046 3108 sumamus
1066 3043 1160 3108 etiam
1181 3042 1259 3126 quid
1275 3043 1382 3109 borum

388 3127 513 3209 uodque
531 3121 579 3188 fit.
619 3121 719 3205 Igitur
738 3125 823 3210 genti
842 3125 988 3209 quidem,
1010 3127 1041 3193 ot
1067 3126 1134 3190 urbi
1158 3124 1384 3207 nobilitasest,

320 3257 324 3264 -
356 3150 388 3283 ἓ
419 3211 508 3276 cives
535 3225 575 3274 ex
606 3224 647 3272 oo
673 3205 740 3291 ipso
767 3207 834 3273 solo
862 3211 1018 3293 progeniti
1045 3210 1131 3287 iint,
1165 3229 1220 3276 aut
1245 3210 1383 3294 antiqui,

366 3303 397 3364 ὄι
421 3294 441 3361 fi
468 3292 558 3377 primi
589 3293 655 3373 eju·
681 3292 883 3374 conditores,
911 3312 950 3360 ac
976 3295 1073 3359 ducet
1097 3293 1231 3361 illustret
1250 3294 1384 3374 fuerint,

356 3384 397 3448 ot
424 3376 550 3444 ssmuiti
572 3394 612 3441 nx
632 3376 675 3440 eis
691 3378 850 3463 propagati
875 3376 933 3445 iint
953 3377 1086 3444 illustret
1106 3378 1142 3443 iit
1162 3379 1257 3445 rebus
1273 3377 1385 3464 quibus

353 3463 528 3533 montinum
553 3458 648 3524 studia
670 3478 924 3530 commoventur.
971 3462 1122 3530 Privatim
1146 3480 1252 3529 autem
1273 3462 1384 3530 uobiii·

363 3566 414 3630 nt
439 3545 593 3630 spectatur
620 3545 650 3610 ut
673 3564 711 3610 ex
735 3547 889 3626 maribus,
920 3548 952 3614 ἃ
974 3565 1012 3612 ex
1033 3542 1176 3612 feminis:
1205 3549 1235 3611 or
1259 3566 1299 3613 ex
1318 3565 1379 3623 eo,

262 3632 264 3636 ’
354 3652 406 3700 rut
426 3632 496 3715 quit
516 3646 649 3710 utraque
669 3630 762 3715 stirpe
781 3652 821 3698 ex
842 3630 966 3697 civibus
989 3630 1125 3716 legitime
1139 3650 1312 3717 prognatus
1327 3630 1381 3708 stt,

363 3722 397 3787 &
422 3732 568 3799 tauquam
598 3716 628 3780 in
653 3716 752 3795 urbe,
789 3732 825 3782 ut
847 3715 967 3801 generis
990 3717 1145 3800 principes
1172 3716 1300 3789 nobile,
1316 3712 1384 3784 fur·

357 3805 426 3869 rint
436 3847 447 3881 ,
463 3816 517 3865 aut
542 3816 670 3885 propter
684 3804 855 3880 virtutem,
876 3818 928 3865 aut
946 3818 1074 3884 proptor
1092 3802 1237 3877 divitias,
1259 3799 1382 3867 aliudve

362 3887 439 3973 quid
465 3904 597 3964 eorum,
626 3886 756 3969 quaein
775 3886 1081 3954 nouorenabrntur:
1111 3886 1141 3949 ἀ
1161 3886 1254 3950 multi
1275 3902 1312 3950 ex
1329 3900 1383 3948 eo·

353 3974 436 4038 niem
460 3988 574 4053 genere
595 3965 745 4045 illustres,
776 3988 843 4035 tum
867 3971 925 4033 viri
945 3988 1012 4036 tum
1035 3967 1189 4042 feminae,
1212 3986 1282 4036 tum
1299 3969 1386 4051 juve·

348 4074 444 4132 zoes,
466 4070 532 4116 mm
551 4067 627 4118 natu
643 4051 831 4144 grandiora.
852 4054 959 4119 Bonos
971 4068 1099 4133 nutem,
1120 4072 1157 4118 ac-
1172 4055 1292 4125 multos
1308 4052 1381 4118 hire·

347 4160 414 4210 ποι
438 4136 552 4201 habere
573 4135 648 4219 quid
667 4134 722 4213 stt,
751 4136 921 4204 obscurum
942 4141 1006 4206 non
1033 4136 1088 4201 est.
1135 4138 1318 4205 Commune
1333 4137 1385 4222 igi·

348 4241 433 4300 ·tur,
455 4220 573 4304 ipsum,
595 4220 686 4284 bouis
704 4220 808 4289 iiberia
825 4224 980 4289 abundare
996 4223 1130 4298 dicitur,
1154 4221 1174 4287 fi
1190 4220 1383 4305 juventus&

360 4303 667 4392 multafurutpm
683 4305 777 4376 noun
806 4310 906 4389 ‚Bona
930 4322 1057 4390 autem,
1086 4306 1207 4384 virtute
1223 4305 1388 4460 corpori&
