3475 5550
355 703 420 774 iss
459 646 485 662 ”
561 691 615 766 st.
693 629 861 765 ise-'zu
901 715 925 764 u
964 715 988 766 ι.
1026 707 1048 765 ι
1089 693 1220 768 ss·-

357 862 422 930 bnc
435 807 629 942 potislimum
656 867 842 940 argumento
867 853 948 920 allici
974 852 1064 920 facit.
1111 855 1197 946 Quld
1218 857 1279 939 jum
1301 853 1389 941 ejus·

357 944 479 1032 generis
502 940 558 1006 alia
574 937 744 1022 colligam?
763 938 857 1001 obvia
881 940 962 1003 enim
977 937 1047 1004 sunt
1067 942 1219 1005 omnibus·
1232 941 1389 1025 philolo-'-

262 1047 270 1070 -·
360 1029 494 1116 phorum
511 1017 1077 1108 poisatumvescriptatruslnntibus.
1121 1026 1373 1112 Acdcillaqui.

360 1115 453 1190 dem,
474 1115 554 1192 quae
571 1107 716 1173 omnibus
736 1107 899 1188 praeclaris
914 1109 1041 1192 ingeniis
1056 1107 1143 1173 inlita
1157 1110 1221 1189 ell,
1245 1110 1393 1178 bonoria·

362 1197 534 1272 aviditate,
564 1209 655 1257 antes
682 1191 834 1255 diximusr
867 1209 1037 1275 ueramque
1057 1191 1139 1257 illius
1163 1192 1299 1261 caussam
1330 1213 1372 1263 ex

361 1277 533 1350 Aristotele
556 1273 775 1360 patefecimus.
826 1271 923 1362 Quod
942 1293 1045 1342 autem
1070 1277 1100 1342 in
1124 1278 1394 1348 adolescentibus-

357 1357 404 1432 ‘ad
428 1361 590 1430 colendam
619 1360 769 1424 virtutem
793 1357 956 1424 incitandis
979 1359 1151 1441 bonorem,
1180 1364 1261 1445 quad
1285 1381 1392 1448 proc«-

361 1450 480 1527 mium,
500 1445 633 1531 proponi
644 1443 804 1507 videmus:
826 1443 1062 1528 intelligendum
1085 1444 1150 1526 est,
1169 1457 1241 1518 sos,
1266 1451 1319 1531 qui
1342 1446 1390 1514 id·

362 1533 505 1607 faciunt,
527 1528 624 1596 simile
646 1527 790 1611 quiddam
811 1524 938 1606 facere,
957 1544 1052 1610 atquc
1074 1529 1104 1594 in
1127 1533 1261 1610 puerulis
1277 1533 1378 1617 prima

365 1621 531 1685 clementa'
552 1608 742 1678 discentibus
770 1612 937 1694 prudentes
966 1611 1097 1696 magistri
1127 1612 1238 1683 solent.
1290 1616 1394 1684 Nam·

389 1703 439 1767 uia
458 1699 657 1783 puerulorum
678 1711 763 1760 aetas
778 1694 930 1760 infirmior
944 1695 1008 1776 est,
1029 1715 1119 1781 quam
1136 1714 1172 1763 ut
1190 1701 1291 1766 adbuc
1307 1719 1380 1785 prs·

364 1723 485 1872 spicere
508 1782 604 1868 posfit
628 1781 777 1844 utilitates
801 1779 993 1846 litteratum:
1014 1781 1132 1846 iccirco
1149 1783 1290 1850 crustulis
1306 1783 1395 1870 qul-⁷

363 1869 515 1944 busdam,
537 1867 567 1934 ἂ
591 1864 713 1949 figillis,
735 1865 765 1929 dt
786 1863 853 1928 aliis
872 1865 937 1945 ejus
959 1867 1079 1949 generis
1096 1868 1285 1934 munusculis
1298 1869 1393 1936 inui-¹

366 1956 458 2023 tanda
480 1949 547 2032 est,
574 1966 609 2018 ut
630 1948 769 2013 laborem
791 1965 903 2031 capere
916 1949 946 2014 in
964 1952 1007 2015 eis
1024 1949 1176 2017 discendis
1198 1953 1287 2018 uelit.¹
1327 1953 1395 2022 sl-=

364 2040 431 2108 mili
456 2036 552 2103 modo
577 2031 808 2100 adolescentum
826 2035 966 2112 animos,
988 2037 1058 2119 quis
1080 2025 1258 2118 pervidere,
1281 2055 1386 2122 quam-

365 2125 403 2192 fit
429 2121 491 2206 ipsa
517 2137 572 2203 per
594 2118 626 2181 sc
651 2119 750 2181 virtus
768 2116 990 2198 amplexanda,
1007 2119 1144 2184 nondum
1163 2137 1300 2204 queunt,
1323 2123 1377 2188 ad·

369 2210 483 2274 dueete
506 2217 635 2287 oportet
652 2201 884 2278 invitamentis,
904 2217 1000 2284 atque
1017 2203 1170 2268 illecebris
1183 2206 1317 2290 gloriae,
1338 2221 1397 2274 ue·

365 2294 432 2375 ejus
448 2291 477 2354 se
493 2287 593 2352 studio
611 2286 736 2350 dedant.
780 2285 839 2348 Sed
858 2300 892 2348 ut
913 2286 998 2367 pueri
1014 2287 1130 2371 gullnta
1150 2290 1241 2355 semel
1254 2291 1375 2356 littera-

365 2383 434 2444 rum
454 2371 638 2443 dulcedine,
661 2368 852 2453 cognitaque
867 2367 1064 2450 praeliantis,
1085 2387 1148 2438 non
1166 2375 1227 2455 iam
1244 2375 1397 2458 amplius·

364 2460 491 2528 ludicris
505 2456 565 2522 illis
577 2453 753 2539 praemiolt's
764 2471 1023 2520 commorentur:
1035 2455 1123 2537 ‘ipsas
1139 2477 1193 2540 per
1208 2458 1242 2523 se
1254 2459 1378 2526 littera

328 2577 334 2590 ·
367 2559 488 2614 amant:
519 2541 565 2605 ita
590 2542 643 2622 qui
667 2536 760 2602 semel
783 2538 896 2602 mentis
921 2541 1021 2604 oculis
1049 2542 1174 2605 virtutis
1192 2542 1395 2627 dignitatem·

364 2630 489 2714 penitus
512 2622 754 2709 perspexerunt,
781 2640 845 2687 non
866 2623 928 2704 jam
954 2623 1084 2706 amplus
1098 2626 1400 2694 lmnoris'blundi·

364 2713 497 2787 mentis,
520 2721 564 2775 ut·
580 2725 647 2774 eam
672 2723 772 2790 usque
790 2706 827 2770 ad
843 2722 1018 2773 extremum
1036 2707 1277 2793 persequuntur,
1298 2713 1378 2779 indi·

364 2813 458 2884 gente
488 2792 581 2877 ipsum
608 2810 663 2875 pcr
687 2790 719 2853 se
737 2807 856 2855 amant·
886 2811 989 2874 neque
1014 2794 1165 2859 bonorem
1191 2797 1378 2881 requirunt,

365 2884 418 2957 piri
431 2890 492 2955 ut,
503 2866 765 2959 quenadmodum
778 2876 933 2952 diximus,
949 2876 1050 2940 alienu
1062 2898 1188 2961 quoque
1197 2879 1382 2947 testimonio

364 2964 560 3045 intelligant,
582 2962 613 3023 se
633 2958 710 3023 tales
732 2956 819 3035 csse,
839 2958 946 3039 quales
964 2963 1097 3025 maxime
1113 2980 1265 3046 exoptant

406 3054 502 3113 asten
533 3042 606 3127 sin]
645 3042 721 3105 lioc
746 3042 833 3125 siguo
853 3042 1013 3117 ollendir,
1047 3064 1153 3111 verum
1175 3047 1379 3135 cssaeuuod

368 3132 466 3199 modo
490 3128 630 3205 dixerat,
660 3124 813 3191 honorem
837 3126 877 3189 ab
899 3127 1091 3211 elegantibus
1109 3132 1205 3207 viris,
1226 3146 1378 3216 tanquam

369 3212 497 3279 virtutis
520 3208 730 3276 testimonium
753 3212 875 3292 expeti:
896 3216 1056 3278 nonenim
1075 3216 1297 3297 aquibuslibet
1311 3218 1381 3287 coli

365 3298 517 3383 cupiunt,
539 3295 590 3361 scd
607 3312 625 3359 a
640 3294 864 3375 prudentibus,
886 3295 1042 3374 &quibus
1054 3299 1105 3381 ipsr
1123 3300 1204 3365 bene
1215 3304 1282 3367 noti
1299 3300 1398 3385 sinta-

366 3401 403 3449 ut
424 3383 520 3463 an'or
545 3381 574 3445 in
600 3396 706 3441 eorum
730 3376 909 3443 testimonio
934 3381 970 3445 fit
988 3382 1084 3447 sides:
1106 3402 1210 3465 neque
1229 3387 1379 3468 quolibet

366 3468 513 3544 nornine,
536 3464 588 3531 sed
605 3462 648 3527 ob
663 3461 823 3527 virtutem.
852 3462 972 3529 lleslor
991 3468 1070 3549 apud
1089 3465 1273 3534 Naevium:¹
1288 3472 1378 3540 Gau·

366 3554 419 3617 deo
441 3560 526 3621 uniet
549 3547 672 3611 lnrtdsri
696 3566 741 3610 me
762 3551 818 3609 'nbt
835 3558 863 3611 te
878 3548 1001 3614 lorrdntn
1022 3555 1097 3614 uiro.
1394 3546 1402 3607 i

410 3632 554 3717 [essesut]
588 3628 721 3720 Qlisdiilsl
750 3630 819 3695 ssbl's
846 3650 994 3710 veteres,
1027 3637 1149 3719 agritio:
1178 3637 1274 3723 sdqlle
1300 3640 1379 3711 mssss

367 3716 600 3807 quodammodo
615 3714 797 3780 concinnius
813 3716 950 3781 uidetur.
1028 3730 1030 3735 '

410 3806 495 3875 usiza
508 3800 545 3887 3]
568 3798 829 3880 Fortasbs'enim,
851 3800 973 3885 inquit,
995 3801 1148 3869 existimet
1163 3806 1292 3887 aliquis,
1311 3828 1380 3881 non

368 3888 542 3963 honorem„
572 3898 608 3947 ut
631 3882 900 3967 mododiximus,
924 3884 974 3950 scd
1000 3888 1149 3954 virtutem
1171 3890 1264 3973 ipsam
1281 3893 1402 3973 linem·

371 3972 439 4038 esic
467 3966 555 4033 civili
582 3967 667 4030 vitae
688 3968 896 4052 propositum.¹
946 3969 1038 4037 Hunc
1059 3992 1164 4039 autem
1189 3975 1391 4053 sententium·

371 4072 478 4127 tuetur
500 4051 629 4133 ipsemet
646 4050 697 4113 lib.
726 4070 751 4118 r.
772 4053 813 4117 nd
833 4054 1026 4121 Eudemum.‘
1197 4064 1202 4073 '

407 4139 501 4219 φώς)
520 4137 560 4221 3]
582 4136 627 4201 Ut
647 4152 681 4199 ut
704 4136 759 4214 sil,
775 4139 812 4202 'id
829 4136 894 4207 eli.¹
920 4138 985 4204 sive
999 4140 1085 4207 civili
1101 4142 1186 4207 vitae
1200 4146 1397 4229 propositus.

371 4222 410 4291 fit
432 4223 551 4301 bonos,
571 4220 635 4285 stre
647 4220 751 4286 virtus
769 4223 856 4303 (non
874 4222 954 4295 enim
971 4224 1130 4300 hocnunc
1147 4228 1288 4316 agimus)
1302 4232 1383 4301 illud

369 4306 496 4404 quidem
508 4316 600 4383 cette
614 4302 752 4397 coastat,
774 4306 928 4399 uirtutem
942 4308 1011 4376 esso
1025 4312 1170 4398 quiddam
1190 4314 1291 4383 minus
1306 4320 1401 4403 pert:

1327 4398 1376 4479 fu·
