<?xml version="1.0" encoding="UTF-8"?>
<!DOCTYPE html PUBLIC "-//W3C//DTD XHTML 1.0 Transitional//EN"
    "http://www.w3.org/TR/xhtml1/DTD/xhtml1-transitional.dtd">
<html xmlns="http://www.w3.org/1999/xhtml" xml:lang="en" lang="en">
 <head>
  <title>
</title>
<meta http-equiv="Content-Type" content="text/html;charset=utf-8" />
  <meta name='ocr-system' content='tesseract 3.04.00' />
  <meta name='ocr-capabilities' content='ocr_page ocr_carea ocr_par ocr_line ocrx_word'/>
</head>
<body>
  <div class='ocr_page' id='page_1' title='image "./mantoniimuretio00thomgoog_0229.png"; bbox 0 0 3475 5550; ppageno 0'>
   <div class='ocr_carea' id='block_1_1' title="bbox 356 683 1168 786">
    <p class='ocr_par' dir='ltr' id='par_1_1' title="bbox 356 683 1168 786">
     <span class='ocr_line' id='line_1_1' title="bbox 356 683 1168 786; baseline -0.009 -23"><span class='ocrx_word' id='word_1_1' title='bbox 356 703 421 786; x_wconf 68' lang='lat' dir='ltr'>m</span> <span class='ocrx_word' id='word_1_2' title='bbox 553 690 619 762; x_wconf 76' lang='lat' dir='ltr'>M.</span> <span class='ocrx_word' id='word_1_3' title='bbox 701 683 1168 758; x_wconf 67' lang='grc' dir='ltr'><strong>11.Μυιιτῐ</strong></span> 
     </span>
    </p>
   </div>
   <div class='ocr_carea' id='block_1_2' title="bbox 227 840 1417 4467">
    <p class='ocr_par' dir='ltr' id='par_1_2' title="bbox 227 840 1417 4467">
     <span class='ocr_line' id='line_1_2' title="bbox 355 840 1374 944; baseline -0.007 -19"><span class='ocrx_word' id='word_1_4' title='bbox 355 855 567 944; x_wconf 64' lang='lat' dir='ltr'>quingentos,</span> <span class='ocrx_word' id='word_1_5' title='bbox 605 863 658 915; x_wconf 91' lang='lat' dir='ltr'>aut</span> <span class='ocrx_word' id='word_1_6' title='bbox 684 867 724 914; x_wconf 92' lang='lat' dir='ltr'>co</span> <span class='ocrx_word' id='word_1_7' title='bbox 745 845 875 931; x_wconf 81' lang='lat' dir='ltr'>amplius</span> <span class='ocrx_word' id='word_1_8' title='bbox 897 848 1071 930; x_wconf 77' lang='lat' dir='ltr'><strong>perveniet.</strong></span> <span class='ocrx_word' id='word_1_9' title='bbox 1126 840 1255 912; x_wconf 84' lang='lat' dir='ltr'>Interest</span> <span class='ocrx_word' id='word_1_10' title='bbox 1276 841 1374 932; x_wconf 68' lang='lat' dir='ltr'>igitur</span> 
     </span>
     <span class='ocr_line' id='line_1_3' title="bbox 354 929 1417 1010; baseline -0.01 0"><span class='ocrx_word' id='word_1_11' title='bbox 354 943 437 1010; x_wconf 75' lang='lat' dir='ltr'>inter</span> <span class='ocrx_word' id='word_1_12' title='bbox 463 934 721 1007; x_wconf 83' lang='lat' dir='ltr'>consuetudinem</span> <span class='ocrx_word' id='word_1_13' title='bbox 751 935 782 996; x_wconf 84' lang='lat' dir='ltr'>dt</span> <span class='ocrx_word' id='word_1_14' title='bbox 813 933 1081 997; x_wconf 75' lang='lat' dir='ltr'>exercitationem.</span> <span class='ocrx_word' id='word_1_15' title='bbox 1137 929 1376 1000; x_wconf 82' lang='lat' dir='ltr'>Consuetudine</span> <span class='ocrx_word' id='word_1_16' title='bbox 1414 935 1417 940; x_wconf 86' lang='lat'>&#39;</span> 
     </span>
     <span class='ocr_line' id='line_1_4' title="bbox 359 1015 1373 1106; baseline -0.008 -13"><span class='ocrx_word' id='word_1_17' title='bbox 359 1029 424 1106; x_wconf 88' lang='lat' dir='ltr'>iit,</span> <span class='ocrx_word' id='word_1_18' title='bbox 450 1041 485 1090; x_wconf 93' lang='lat' dir='ltr'>ut</span> <span class='ocrx_word' id='word_1_19' title='bbox 506 1023 590 1087; x_wconf 88' lang='lat' dir='ltr'>idem</span> <span class='ocrx_word' id='word_1_20' title='bbox 613 1017 737 1083; x_wconf 75' lang='lat' dir='ltr'>facilius</span> <span class='ocrx_word' id='word_1_21' title='bbox 765 1015 960 1083; x_wconf 81' lang='lat' dir='ltr'>&amp;libentius</span> <span class='ocrx_word' id='word_1_22' title='bbox 975 1015 1048 1082; x_wconf 81' lang='lat' dir='ltr'>fiat:</span> <span class='ocrx_word' id='word_1_23' title='bbox 1069 1015 1313 1097; x_wconf 85' lang='lat' dir='ltr'>exercitatione,</span> <span class='ocrx_word' id='word_1_24' title='bbox 1337 1027 1373 1086; x_wconf 89' lang='lat' dir='ltr'>ut</span> 
     </span>
     <span class='ocr_line' id='line_1_5' title="bbox 358 1095 1372 1190; baseline -0.012 -11"><span class='ocrx_word' id='word_1_25' title='bbox 358 1103 478 1179; x_wconf 77' lang='lat' dir='ltr'>assidue</span> <span class='ocrx_word' id='word_1_26' title='bbox 500 1108 570 1190; x_wconf 80' lang='lat' dir='ltr'>plut</span> <span class='ocrx_word' id='word_1_27' title='bbox 590 1103 703 1184; x_wconf 87' lang='lat' dir='ltr'>aiiquid</span> <span class='ocrx_word' id='word_1_28' title='bbox 720 1117 819 1184; x_wconf 87' lang='lat' dir='ltr'>acque</span> <span class='ocrx_word' id='word_1_29' title='bbox 836 1099 931 1164; x_wconf 88' lang='lat' dir='ltr'>saciic</span> <span class='ocrx_word' id='word_1_30' title='bbox 957 1099 1023 1166; x_wconf 87' lang='lat' dir='ltr'>fiat.</span> <span class='ocrx_word' id='word_1_31' title='bbox 1072 1095 1279 1167; x_wconf 86' lang='lat' dir='ltr'>Consuetudo</span> <span class='ocrx_word' id='word_1_32' title='bbox 1301 1100 1372 1168; x_wconf 82' lang='lat' dir='ltr'>esse</span> 
     </span>
     <span class='ocr_line' id='line_1_6' title="bbox 406 1182 1371 1268; baseline -0.009 -7"><span class='ocrx_word' id='word_1_33' title='bbox 406 1195 465 1261; x_wconf 86' lang='lat' dir='ltr'>test</span> <span class='ocrx_word' id='word_1_34' title='bbox 482 1193 546 1260; x_wconf 83' lang='lat' dir='ltr'>fine</span> <span class='ocrx_word' id='word_1_35' title='bbox 562 1189 627 1254; x_wconf 90' lang='lat' dir='ltr'>uilo</span> <span class='ocrx_word' id='word_1_36' title='bbox 640 1203 774 1263; x_wconf 89' lang='lat' dir='ltr'>conatu,</span> <span class='ocrx_word' id='word_1_37' title='bbox 796 1200 832 1248; x_wconf 94' lang='lat' dir='ltr'>ut</span> <span class='ocrx_word' id='word_1_38' title='bbox 848 1183 1047 1250; x_wconf 82' lang='lat' dir='ltr'>consuetudo</span> <span class='ocrx_word' id='word_1_39' title='bbox 1064 1182 1209 1248; x_wconf 86' lang='lat' dir='ltr'>vescendi</span> <span class='ocrx_word' id='word_1_40' title='bbox 1225 1186 1371 1268; x_wconf 80' lang='lat' dir='ltr'>quotidie</span> 
     </span>
     <span class='ocr_line' id='line_1_7' title="bbox 373 1267 1372 1356; baseline -0.012 -10"><span class='ocrx_word' id='word_1_41' title='bbox 373 1281 452 1346; x_wconf 83' lang='lat' dir='ltr'>auris</span> <span class='ocrx_word' id='word_1_42' title='bbox 464 1275 570 1352; x_wconf 80' lang='lat' dir='ltr'>cibis,</span> <span class='ocrx_word' id='word_1_43' title='bbox 597 1286 651 1336; x_wconf 86' lang='lat' dir='ltr'>aut</span> <span class='ocrx_word' id='word_1_44' title='bbox 671 1267 836 1356; x_wconf 16' lang='lat' dir='ltr'>auprandio</span> <span class='ocrx_word' id='word_1_45' title='bbox 862 1267 1066 1335; x_wconf 81' lang='lat' dir='ltr'>domniendi:</span> <span class='ocrx_word' id='word_1_46' title='bbox 1096 1285 1128 1332; x_wconf 87' lang='lat' dir='ltr'>at</span> <span class='ocrx_word' id='word_1_47' title='bbox 1154 1271 1372 1336; x_wconf 83' lang='lat' dir='ltr'>exercitationi</span> 
     </span>
     <span class='ocr_line' id='line_1_8' title="bbox 359 1350 1371 1447; baseline -0.011 -14"><span class='ocrx_word' id='word_1_48' title='bbox 359 1368 632 1447; x_wconf 81' lang='lat' dir='ltr'>semper-conatus</span> <span class='ocrx_word' id='word_1_49' title='bbox 648 1354 758 1438; x_wconf 86' lang='lat' dir='ltr'>aiiquis</span> <span class='ocrx_word' id='word_1_50' title='bbox 773 1352 936 1446; x_wconf 67' lang='lat' dir='ltr'>adjunctus</span> <span class='ocrx_word' id='word_1_51' title='bbox 952 1350 1009 1420; x_wconf 85' lang='lat' dir='ltr'>eii.</span> <span class='ocrx_word' id='word_1_52' title='bbox 1050 1350 1245 1440; x_wconf 79' lang='lat' dir='ltr'>Quamquam</span> <span class='ocrx_word' id='word_1_53' title='bbox 1261 1369 1371 1424; x_wconf 89' lang='lat' dir='ltr'>autem</span> 
     </span>
     <span class='ocr_line' id='line_1_9' title="bbox 358 1435 1374 1529; baseline -0.009 -14"><span class='ocrx_word' id='word_1_54' title='bbox 358 1449 498 1519; x_wconf 87' lang='lat' dir='ltr'>nondum</span> <span class='ocrx_word' id='word_1_55' title='bbox 514 1439 711 1529; x_wconf 78' lang='lat' dir='ltr'>pervenimus</span> <span class='ocrx_word' id='word_1_56' title='bbox 729 1436 851 1502; x_wconf 81' lang='lat' dir='ltr'>adeum</span> <span class='ocrx_word' id='word_1_57' title='bbox 868 1436 995 1517; x_wconf 93' lang='lat' dir='ltr'>iocum,</span> <span class='ocrx_word' id='word_1_58' title='bbox 1015 1435 1067 1500; x_wconf 90' lang='lat' dir='ltr'>ubi</span> <span class='ocrx_word' id='word_1_59' title='bbox 1082 1439 1207 1520; x_wconf 87' lang='lat' dir='ltr'>proprie</span> <span class='ocrx_word' id='word_1_60' title='bbox 1215 1436 1374 1522; x_wconf 80' lang='lat' dir='ltr'>disputan·</span> 
     </span>
     <span class='ocr_line' id='line_1_10' title="bbox 359 1521 1371 1609; baseline -0.007 -10"><span class='ocrx_word' id='word_1_61' title='bbox 359 1537 437 1601; x_wconf 90' lang='lat' dir='ltr'>dum</span> <span class='ocrx_word' id='word_1_62' title='bbox 462 1528 531 1604; x_wconf 86' lang='lat' dir='ltr'>est,</span> <span class='ocrx_word' id='word_1_63' title='bbox 567 1523 728 1609; x_wconf 90' lang='lat' dir='ltr'>quomodo</span> <span class='ocrx_word' id='word_1_64' title='bbox 757 1535 882 1604; x_wconf 88' lang='lat' dir='ltr'>paretur</span> <span class='ocrx_word' id='word_1_65' title='bbox 907 1522 1029 1598; x_wconf 85' lang='lat' dir='ltr'>virtus,</span> <span class='ocrx_word' id='word_1_66' title='bbox 1065 1521 1241 1586; x_wconf 85' lang='lat' dir='ltr'>admonebo</span> <span class='ocrx_word' id='word_1_67' title='bbox 1265 1538 1371 1592; x_wconf 82' lang='lat' dir='ltr'>tameo</span> 
     </span>
     <span class='ocr_line' id='line_1_11' title="bbox 361 1605 1373 1692; baseline -0.005 -13"><span class='ocrx_word' id='word_1_68' title='bbox 361 1628 396 1690; x_wconf 64' lang='lat' dir='ltr'>a,</span> <span class='ocrx_word' id='word_1_69' title='bbox 415 1619 444 1679; x_wconf 71' lang='grc' dir='ltr'><em>ὠ</em></span> <span class='ocrx_word' id='word_1_70' title='bbox 464 1609 588 1692; x_wconf 64' lang='lat' dir='ltr'>mpii»,</span> <span class='ocrx_word' id='word_1_71' title='bbox 616 1608 693 1672; x_wconf 84' lang='lat' dir='ltr'>hacc</span> <span class='ocrx_word' id='word_1_72' title='bbox 715 1607 772 1671; x_wconf 81' lang='lat' dir='ltr'>tria</span> <span class='ocrx_word' id='word_1_73' title='bbox 791 1607 830 1670; x_wconf 88' lang='lat' dir='ltr'>ad</span> <span class='ocrx_word' id='word_1_74' title='bbox 844 1605 1063 1689; x_wconf 79' lang='lat' dir='ltr'>comparandas</span> <span class='ocrx_word' id='word_1_75' title='bbox 1081 1605 1215 1670; x_wconf 87' lang='lat' dir='ltr'>virtutes</span> <span class='ocrx_word' id='word_1_76' title='bbox 1229 1605 1373 1674; x_wconf 81' lang='lat' dir='ltr'>neteai&#39;a·</span> 
     </span>
     <span class='ocr_line' id='line_1_12' title="bbox 361 1675 1373 1770; baseline -0.009 -7"><span class='ocrx_word' id='word_1_77' title='bbox 361 1705 406 1770; x_wconf 78' lang='lat' dir='ltr'>ria</span> <span class='ocrx_word' id='word_1_78' title='bbox 429 1698 505 1763; x_wconf 83' lang='lat' dir='ltr'>csse.</span> <span class='ocrx_word' id='word_1_79' title='bbox 547 1675 630 1760; x_wconf 82' lang='lat' dir='ltr'>Nam</span> <span class='ocrx_word' id='word_1_80' title='bbox 650 1687 715 1762; x_wconf 62' lang='lat' dir='ltr'>cor</span> <span class='ocrx_word' id='word_1_81' title='bbox 737 1689 782 1758; x_wconf 66' lang='lat' dir='ltr'>vit</span> <span class='ocrx_word' id='word_1_82' title='bbox 802 1690 952 1766; x_wconf 51' lang='lat' dir='ltr'>iia-cuniis</span> <span class='ocrx_word' id='word_1_83' title='bbox 981 1690 1147 1755; x_wconf 77' lang='lat' dir='ltr'>neceesaria</span> <span class='ocrx_word' id='word_1_84' title='bbox 1172 1688 1215 1756; x_wconf 84' lang='lat' dir='ltr'>cii</span> <span class='ocrx_word' id='word_1_85' title='bbox 1241 1691 1373 1768; x_wconf 65' lang='grc' dir='ltr'><strong>ῃῆιωςε</strong></span> 
     </span>
     <span class='ocr_line' id='line_1_13' title="bbox 362 1771 1369 1859; baseline -0.005 -11"><span class='ocrx_word' id='word_1_86' title='bbox 362 1788 401 1854; x_wconf 71' lang='lat' dir='ltr'>nd</span> <span class='ocrx_word' id='word_1_87' title='bbox 417 1803 468 1848; x_wconf 86' lang='lat' dir='ltr'>cas</span> <span class='ocrx_word' id='word_1_88' title='bbox 487 1792 615 1857; x_wconf 88' lang='lat' dir='ltr'>autem,</span> <span class='ocrx_word' id='word_1_89' title='bbox 635 1791 715 1856; x_wconf 88' lang='lat' dir='ltr'>quae</span> <span class='ocrx_word' id='word_1_90' title='bbox 733 1771 823 1841; x_wconf 68' lang='lat' dir='ltr'>siunai</span> <span class='ocrx_word' id='word_1_91' title='bbox 844 1775 1068 1849; x_wconf 87' lang='lat' dir='ltr'>nominantur,</span> <span class='ocrx_word' id='word_1_92' title='bbox 1089 1776 1222 1856; x_wconf 89' lang='lat' dir='ltr'>primum</span> <span class='ocrx_word' id='word_1_93' title='bbox 1238 1775 1369 1859; x_wconf 80' lang='lat' dir='ltr'>quidam</span> 
     </span>
     <span class='ocr_line' id='line_1_14' title="bbox 365 1854 1369 1956; baseline -0.011 -19"><span class='ocrx_word' id='word_1_94' title='bbox 365 1864 572 1937; x_wconf 80' lang='lat' dir='ltr'>exercitatio.</span> <span class='ocrx_word' id='word_1_95' title='bbox 600 1857 708 1944; x_wconf 87' lang='lat' dir='ltr'>postea</span> <span class='ocrx_word' id='word_1_96' title='bbox 733 1875 810 1922; x_wconf 90' lang='lat' dir='ltr'>vcro</span> <span class='ocrx_word' id='word_1_97' title='bbox 834 1854 1042 1924; x_wconf 90' lang='lat' dir='ltr'>consuetudo.</span> <span class='ocrx_word' id='word_1_98' title='bbox 1092 1856 1250 1956; x_wconf 80' lang='lat' dir='ltr'>Quoniam</span> <span class='ocrx_word' id='word_1_99' title='bbox 1284 1861 1369 1927; x_wconf 85' lang='lat' dir='ltr'>enim</span> 
     </span>
     <span class='ocr_line' id='line_1_15' title="bbox 361 1941 1371 2026; baseline -0.013 -4"><span class='ocrx_word' id='word_1_100' title='bbox 361 1967 476 2023; x_wconf 87' lang='lat' dir='ltr'>natura</span> <span class='ocrx_word' id='word_1_101' title='bbox 489 1945 604 2012; x_wconf 83' lang='lat' dir='ltr'>subitas</span> <span class='ocrx_word' id='word_1_102' title='bbox 622 1942 811 2008; x_wconf 78' lang='lat' dir='ltr'>mutationes</span> <span class='ocrx_word' id='word_1_103' title='bbox 828 1959 891 2007; x_wconf 92' lang='lat' dir='ltr'>non</span> <span class='ocrx_word' id='word_1_104' title='bbox 910 1941 1049 2025; x_wconf 87' lang='lat' dir='ltr'>patitur,</span> <span class='ocrx_word' id='word_1_105' title='bbox 1071 1942 1188 2008; x_wconf 80' lang='lat' dir='ltr'>iccntn</span> <span class='ocrx_word' id='word_1_106' title='bbox 1207 1943 1262 2026; x_wconf 88' lang='lat' dir='ltr'>qui</span> <span class='ocrx_word' id='word_1_107' title='bbox 1287 1945 1371 2009; x_wconf 90' lang='lat' dir='ltr'>vitio</span> 
     </span>
     <span class='ocr_line' id='line_1_16' title="bbox 363 2025 1373 2120; baseline -0.01 -16"><span class='ocrx_word' id='word_1_108' title='bbox 363 2040 471 2120; x_wconf 84' lang='lat' dir='ltr'>aliquo</span> <span class='ocrx_word' id='word_1_109' title='bbox 486 2031 644 2106; x_wconf 83' lang='lat' dir='ltr'>laborant,</span> <span class='ocrx_word' id='word_1_110' title='bbox 665 2025 798 2110; x_wconf 87' lang='lat' dir='ltr'>primum</span> <span class='ocrx_word' id='word_1_111' title='bbox 812 2025 939 2108; x_wconf 83' lang='lat' dir='ltr'>quidem</span> <span class='ocrx_word' id='word_1_112' title='bbox 956 2027 1118 2092; x_wconf 88' lang='lat' dir='ltr'>exercendi</span> <span class='ocrx_word' id='word_1_113' title='bbox 1137 2025 1227 2104; x_wconf 91' lang='lat' dir='ltr'>sunt,</span> <span class='ocrx_word' id='word_1_114' title='bbox 1250 2042 1286 2093; x_wconf 92' lang='lat' dir='ltr'>ut</span> <span class='ocrx_word' id='word_1_115' title='bbox 1298 2047 1373 2114; x_wconf 91' lang='lat' dir='ltr'>pau·</span> 
     </span>
     <span class='ocr_line' id='line_1_17' title="bbox 363 2109 1369 2193; baseline -0.013 -3"><span class='ocrx_word' id='word_1_116' title='bbox 363 2122 452 2191; x_wconf 90' lang='lat' dir='ltr'>iatim</span> <span class='ocrx_word' id='word_1_117' title='bbox 466 2115 660 2181; x_wconf 87' lang='lat' dir='ltr'>abducantur</span> <span class='ocrx_word' id='word_1_118' title='bbox 677 2109 716 2174; x_wconf 91' lang='lat' dir='ltr'>ab</span> <span class='ocrx_word' id='word_1_119' title='bbox 729 2127 787 2189; x_wconf 92' lang='lat' dir='ltr'>co,</span> <span class='ocrx_word' id='word_1_120' title='bbox 812 2109 923 2192; x_wconf 92' lang='lat' dir='ltr'>inquo</span> <span class='ocrx_word' id='word_1_121' title='bbox 941 2124 1092 2193; x_wconf 87' lang='lat' dir='ltr'>peccant,</span> <span class='ocrx_word' id='word_1_122' title='bbox 1114 2111 1144 2177; x_wconf 83' lang='lat' dir='ltr'>dt</span> <span class='ocrx_word' id='word_1_123' title='bbox 1166 2109 1293 2190; x_wconf 76' lang='lat' dir='ltr'>propius</span> <span class='ocrx_word' id='word_1_124' title='bbox 1316 2112 1369 2178; x_wconf 88' lang='lat' dir='ltr'>ad·</span> 
     </span>
     <span class='ocr_line' id='line_1_18' title="bbox 368 2193 1370 2280; baseline -0.011 -7"><span class='ocrx_word' id='word_1_125' title='bbox 368 2210 523 2274; x_wconf 88' lang='lat' dir='ltr'>ducantur</span> <span class='ocrx_word' id='word_1_126' title='bbox 536 2198 574 2261; x_wconf 90' lang='lat' dir='ltr'>ad</span> <span class='ocrx_word' id='word_1_127' title='bbox 588 2194 845 2260; x_wconf 84' lang='lat' dir='ltr'>mediocritatem.</span> <span class='ocrx_word' id='word_1_128' title='bbox 887 2193 949 2259; x_wconf 85' lang='lat' dir='ltr'>Ubi</span> <span class='ocrx_word' id='word_1_129' title='bbox 966 2210 1069 2260; x_wconf 90' lang='lat' dir='ltr'>autem</span> <span class='ocrx_word' id='word_1_130' title='bbox 1090 2212 1156 2259; x_wconf 76' lang='lat' dir='ltr'>eam</span> <span class='ocrx_word' id='word_1_131' title='bbox 1174 2197 1370 2280; x_wconf 80' lang='lat' dir='ltr'>attigerunt,</span> 
     </span>
     <span class='ocr_line' id='line_1_19' title="bbox 364 2275 1370 2361; baseline -0.007 -7"><span class='ocrx_word' id='word_1_132' title='bbox 364 2281 644 2358; x_wconf 77' lang='lat' dir='ltr'>consuefaciendi,</span> <span class='ocrx_word' id='word_1_133' title='bbox 674 2292 709 2343; x_wconf 92' lang='lat' dir='ltr'>ut</span> <span class='ocrx_word' id='word_1_134' title='bbox 729 2278 759 2342; x_wconf 88' lang='lat' dir='ltr'>in</span> <span class='ocrx_word' id='word_1_135' title='bbox 781 2283 829 2342; x_wconf 88' lang='lat' dir='ltr'>eoi</span> <span class='ocrx_word' id='word_1_136' title='bbox 844 2275 1056 2361; x_wconf 79' lang='lat' dir='ltr'>perseverent.</span> <span class='ocrx_word' id='word_1_137' title='bbox 1101 2276 1154 2343; x_wconf 83' lang='lat' dir='ltr'>Est</span> <span class='ocrx_word' id='word_1_138' title='bbox 1175 2295 1299 2359; x_wconf 89' lang='lat' dir='ltr'>autem,</span> <span class='ocrx_word' id='word_1_139' title='bbox 1327 2298 1370 2347; x_wconf 79' lang='lat' dir='ltr'>ne</span> 
     </span>
     <span class='ocr_line' id='line_1_20' title="bbox 363 2361 1370 2462; baseline -0.009 -21"><span class='ocrx_word' id='word_1_140' title='bbox 363 2391 459 2462; x_wconf 88' lang='lat' dir='ltr'>quem</span> <span class='ocrx_word' id='word_1_141' title='bbox 477 2364 632 2434; x_wconf 87' lang='lat' dir='ltr'>hotsorte</span> <span class='ocrx_word' id='word_1_142' title='bbox 645 2363 826 2446; x_wconf 85' lang='lat' dir='ltr'>perturbet,</span> <span class='ocrx_word' id='word_1_143' title='bbox 847 2361 929 2426; x_wconf 72' lang='lat' dir='ltr'>aiiud</span> <span class='ocrx_word' id='word_1_144' title='bbox 944 2363 1129 2427; x_wconf 82' lang='lat' dir='ltr'>exercitatio</span> <span class='ocrx_word' id='word_1_145' title='bbox 1141 2363 1178 2428; x_wconf 88' lang='lat' dir='ltr'>ad</span> <span class='ocrx_word' id='word_1_146' title='bbox 1196 2363 1370 2444; x_wconf 83' lang='lat' dir='ltr'>virtutem,</span> 
     </span>
     <span class='ocr_line' id='line_1_21' title="bbox 364 2445 1370 2529; baseline -0.01 -3"><span class='ocrx_word' id='word_1_147' title='bbox 364 2457 450 2527; x_wconf 81' lang='lat' dir='ltr'>aliud</span> <span class='ocrx_word' id='word_1_148' title='bbox 466 2448 651 2520; x_wconf 81' lang='lat' dir='ltr'>exercitatio</span> <span class='ocrx_word' id='word_1_149' title='bbox 665 2445 802 2512; x_wconf 73' lang='lat' dir='ltr'>virtutis.</span> <span class='ocrx_word' id='word_1_150' title='bbox 843 2445 897 2510; x_wconf 89' lang='lat' dir='ltr'>iiia</span> <span class='ocrx_word' id='word_1_151' title='bbox 920 2448 1078 2529; x_wconf 87' lang='lat' dir='ltr'>praecedit</span> <span class='ocrx_word' id='word_1_152' title='bbox 1101 2446 1257 2528; x_wconf 87' lang='lat' dir='ltr'>habitum,</span> <span class='ocrx_word' id='word_1_153' title='bbox 1280 2449 1370 2516; x_wconf 78' lang='lat' dir='ltr'>&amp;ad</span> 
     </span>
     <span class='ocr_line' id='line_1_22' title="bbox 364 2528 1370 2620; baseline -0.014 -8"><span class='ocrx_word' id='word_1_154' title='bbox 364 2563 437 2612; x_wconf 89' lang='lat' dir='ltr'>eum</span> <span class='ocrx_word' id='word_1_155' title='bbox 458 2533 699 2620; x_wconf 84' lang='lat' dir='ltr'>comparandum</span> <span class='ocrx_word' id='word_1_156' title='bbox 720 2528 876 2596; x_wconf 81' lang='lat' dir='ltr'>rcscrtur:</span> <span class='ocrx_word' id='word_1_157' title='bbox 904 2530 979 2595; x_wconf 88' lang='lat' dir='ltr'>baec</span> <span class='ocrx_word' id='word_1_158' title='bbox 1003 2530 1140 2613; x_wconf 83' lang='lat' dir='ltr'>sequitur</span> <span class='ocrx_word' id='word_1_159' title='bbox 1156 2530 1294 2596; x_wconf 86' lang='lat' dir='ltr'>habitum</span> <span class='ocrx_word' id='word_1_160' title='bbox 1307 2534 1370 2616; x_wconf 83' lang='lat' dir='ltr'>jam</span> 
     </span>
     <span class='ocr_line' id='line_1_23' title="bbox 363 2613 1374 2709; baseline -0.006 -21"><span class='ocrx_word' id='word_1_161' title='bbox 363 2639 589 2709; x_wconf 81' lang='lat' dir='ltr'>comparatum.</span> <span class='ocrx_word' id='word_1_162' title='bbox 631 2613 747 2680; x_wconf 79' lang='lat' dir='ltr'>Graeci</span> <span class='ocrx_word' id='word_1_163' title='bbox 766 2614 844 2680; x_wconf 87' lang='lat' dir='ltr'>baec</span> <span class='ocrx_word' id='word_1_164' title='bbox 869 2629 956 2679; x_wconf 90' lang='lat' dir='ltr'>utre</span> <span class='ocrx_word' id='word_1_165' title='bbox 978 2615 1117 2682; x_wconf 75' lang='lat' dir='ltr'>diiiiniia</span> <span class='ocrx_word' id='word_1_166' title='bbox 1136 2613 1228 2694; x_wconf 91' lang='lat' dir='ltr'>sunt,</span> <span class='ocrx_word' id='word_1_167' title='bbox 1251 2616 1295 2682; x_wconf 92' lang='lat' dir='ltr'>ita</span> <span class='ocrx_word' id='word_1_168' title='bbox 1314 2637 1374 2684; x_wconf 92' lang='lat' dir='ltr'>no-</span> 
     </span>
     <span class='ocr_line' id='line_1_24' title="bbox 227 2696 1373 2783; baseline -0.013 1"><span class='ocrx_word' id='word_1_169' title='bbox 227 2708 236 2737; x_wconf 88' lang='lat'>&#39;</span> <span class='ocrx_word' id='word_1_170' title='bbox 364 2713 501 2783; x_wconf 75' lang='lat' dir='ltr'>minibus</span> <span class='ocrx_word' id='word_1_171' title='bbox 521 2706 615 2770; x_wconf 87' lang='lat' dir='ltr'>etiam</span> <span class='ocrx_word' id='word_1_172' title='bbox 637 2699 844 2783; x_wconf 79' lang='lat' dir='ltr'>distinguunt,</span> <span class='ocrx_word' id='word_1_173' title='bbox 864 2697 947 2765; x_wconf 88' lang='lat' dir='ltr'>iiiam</span> <span class='ocrx_word' id='word_1_174' title='bbox 972 2696 1077 2764; x_wconf 60' lang='lat' dir='ltr'>:raum</span> <span class='ocrx_word' id='word_1_175' title='bbox 1096 2715 1266 2781; x_wconf 81' lang='lat' dir='ltr'>vocantes,</span> <span class='ocrx_word' id='word_1_176' title='bbox 1290 2701 1373 2768; x_wconf 85' lang='lat' dir='ltr'>hanc</span> 
     </span>
     <span class='ocr_line' id='line_1_25' title="bbox 363 2782 1374 2881; baseline -0.007 -18"><span class='ocrx_word' id='word_1_177' title='bbox 363 2805 491 2881; x_wconf 64' lang='lat' dir='ltr'>nigrum</span> <span class='ocrx_word' id='word_1_178' title='bbox 547 2785 666 2856; x_wconf 81' lang='lat' dir='ltr'>Latinis</span> <span class='ocrx_word' id='word_1_179' title='bbox 698 2802 763 2851; x_wconf 93' lang='lat' dir='ltr'>non</span> <span class='ocrx_word' id='word_1_180' title='bbox 802 2782 911 2849; x_wconf 83' lang='lat' dir='ltr'>eudem</span> <span class='ocrx_word' id='word_1_181' title='bbox 944 2783 1045 2865; x_wconf 88' lang='lat' dir='ltr'>copia.</span> <span class='ocrx_word' id='word_1_182' title='bbox 1101 2785 1210 2868; x_wconf 89' lang='lat' dir='ltr'>itaque</span> <span class='ocrx_word' id='word_1_183' title='bbox 1243 2786 1374 2855; x_wconf 72' lang='lat' dir='ltr'>necesse</span> 
     </span>
     <span class='ocr_line' id='line_1_26' title="bbox 364 2868 1323 2952; baseline -0.008 -6"><span class='ocrx_word' id='word_1_184' title='bbox 364 2880 460 2951; x_wconf 77' lang='lat' dir='ltr'>babui</span> <span class='ocrx_word' id='word_1_185' title='bbox 482 2876 661 2940; x_wconf 88' lang='lat' dir='ltr'>admonere.</span> <span class='ocrx_word' id='word_1_186' title='bbox 700 2868 796 2935; x_wconf 91' lang='lat' dir='ltr'>Nunc</span> <span class='ocrx_word' id='word_1_187' title='bbox 817 2868 1016 2934; x_wconf 84' lang='lat' dir='ltr'>Aristotelem</span> <span class='ocrx_word' id='word_1_188' title='bbox 1038 2868 1134 2952; x_wconf 89' lang='lat' dir='ltr'>ipsum</span> <span class='ocrx_word' id='word_1_189' title='bbox 1154 2869 1323 2938; x_wconf 84' lang='lat' dir='ltr'>audiamus.</span> 
     </span>
     <span class='ocr_line' id='line_1_27' title="bbox 405 2949 1373 3043; baseline 0 -26"><span class='ocrx_word' id='word_1_190' title='bbox 405 2965 473 3037; x_wconf 63' lang='lat' dir='ltr'>‘nnn</span> <span class='ocrx_word' id='word_1_191' title='bbox 494 2966 518 3040; x_wconf 71' lang='grc' dir='ltr'>,ς</span> <span class='ocrx_word' id='word_1_192' title='bbox 538 2950 686 3035; x_wconf 50' lang='lat' dir='ltr'>impetra]</span> <span class='ocrx_word' id='word_1_193' title='bbox 725 2950 875 3043; x_wconf 84' lang='lat' dir='ltr'>Quinque</span> <span class='ocrx_word' id='word_1_194' title='bbox 892 2949 1012 3017; x_wconf 78' lang='lat' dir='ltr'>caussas</span> <span class='ocrx_word' id='word_1_195' title='bbox 1032 2954 1205 3038; x_wconf 82' lang='lat' dir='ltr'>proponit,</span> <span class='ocrx_word' id='word_1_196' title='bbox 1241 2956 1373 3037; x_wconf 51' lang='lat' dir='ltr'>aba»,</span> 
     </span>
     <span class='ocr_line' id='line_1_28' title="bbox 368 3034 1370 3134; baseline -0.006 -22"><span class='ocrx_word' id='word_1_197' title='bbox 368 3052 496 3123; x_wconf 63' lang='grc' dir='ltr'>ὒθιτμὶι,</span> <span class='ocrx_word' id='word_1_198' title='bbox 515 3040 639 3106; x_wconf 49' lang='lat' dir='ltr'>Immo</span> <span class='ocrx_word' id='word_1_199' title='bbox 658 3034 735 3134; x_wconf 38' lang='grc' dir='ltr'>’.ἦν</span> <span class='ocrx_word' id='word_1_200' title='bbox 753 3042 864 3130; x_wconf 51' lang='lat' dir='ltr'>RQ,</span> <span class='ocrx_word' id='word_1_201' title='bbox 893 3044 918 3119; x_wconf 55' lang='lat' dir='ltr'>q*</span> <span class='ocrx_word' id='word_1_202' title='bbox 940 3036 1045 3110; x_wconf 63' lang='grc' dir='ltr'><strong><em>π’κῦθσ</em></strong></span> <span class='ocrx_word' id='word_1_203' title='bbox 1071 3036 1244 3122; x_wconf 69' lang='lat' dir='ltr'>exquibus</span> <span class='ocrx_word' id='word_1_204' title='bbox 1267 3036 1370 3106; x_wconf 85' lang='lat' dir='ltr'>furtu·</span> 
     </span>
     <span class='ocr_line' id='line_1_29' title="bbox 365 3117 1376 3209; baseline 0.004 -20"><span class='ocrx_word' id='word_1_205' title='bbox 365 3148 438 3202; x_wconf 72' lang='lat' dir='ltr'>nam</span> <span class='ocrx_word' id='word_1_206' title='bbox 462 3122 587 3209; x_wconf 86' lang='lat' dir='ltr'>quidem</span> <span class='ocrx_word' id='word_1_207' title='bbox 605 3132 730 3201; x_wconf 79' lang='lat' dir='ltr'>penitus</span> <span class='ocrx_word' id='word_1_208' title='bbox 748 3117 876 3199; x_wconf 77' lang='lat' dir='ltr'>reiicit,</span> <span class='ocrx_word' id='word_1_209' title='bbox 907 3120 947 3184; x_wconf 84' lang='lat' dir='ltr'>de</span> <span class='ocrx_word' id='word_1_210' title='bbox 969 3122 1082 3187; x_wconf 85' lang='lat' dir='ltr'>ceteris</span> <span class='ocrx_word' id='word_1_211' title='bbox 1101 3140 1205 3188; x_wconf 87' lang='lat' dir='ltr'>autem</span> <span class='ocrx_word' id='word_1_212' title='bbox 1219 3121 1262 3187; x_wconf 88' lang='lat' dir='ltr'>ita</span> <span class='ocrx_word' id='word_1_213' title='bbox 1278 3122 1376 3193; x_wconf 72' lang='lat' dir='ltr'>disse·</span> 
     </span>
     <span class='ocr_line' id='line_1_30' title="bbox 364 3198 1371 3293; baseline -0.01 -9"><span class='ocrx_word' id='word_1_214' title='bbox 364 3219 427 3293; x_wconf 85' lang='lat' dir='ltr'>rit,</span> <span class='ocrx_word' id='word_1_215' title='bbox 439 3224 474 3277; x_wconf 91' lang='lat' dir='ltr'>ut</span> <span class='ocrx_word' id='word_1_216' title='bbox 487 3198 872 3283; x_wconf 83' lang='lat' dir='ltr'>nonobscurcostendat,</span> <span class='ocrx_word' id='word_1_217' title='bbox 892 3204 1037 3271; x_wconf 91' lang='lat' dir='ltr'>cumduo</span> <span class='ocrx_word' id='word_1_218' title='bbox 1050 3205 1226 3291; x_wconf 80' lang='lat' dir='ltr'>srntgenera</span> <span class='ocrx_word' id='word_1_219' title='bbox 1237 3222 1371 3291; x_wconf 84' lang='lat' dir='ltr'>eorum,</span> 
     </span>
     <span class='ocr_line' id='line_1_31' title="bbox 246 3286 1373 3381; baseline -0.004 -16"><span class='ocrx_word' id='word_1_220' title='bbox 246 3322 251 3341; x_wconf 92' lang='lat'><strong>·</strong></span> <span class='ocrx_word' id='word_1_221' title='bbox 367 3310 448 3381; x_wconf 87' lang='lat' dir='ltr'>quae</span> <span class='ocrx_word' id='word_1_222' title='bbox 466 3291 616 3360; x_wconf 83' lang='lat' dir='ltr'>divinitus</span> <span class='ocrx_word' id='word_1_223' title='bbox 630 3286 761 3353; x_wconf 83' lang='lat' dir='ltr'>dantur:</span> <span class='ocrx_word' id='word_1_224' title='bbox 781 3302 876 3353; x_wconf 91' lang='lat' dir='ltr'>unum</span> <span class='ocrx_word' id='word_1_225' title='bbox 894 3306 1025 3369; x_wconf 89' lang='lat' dir='ltr'>eorum,</span> <span class='ocrx_word' id='word_1_226' title='bbox 1045 3290 1175 3371; x_wconf 90' lang='lat' dir='ltr'>adquae</span> <span class='ocrx_word' id='word_1_227' title='bbox 1195 3288 1271 3355; x_wconf 89' lang='lat' dir='ltr'>nihii</span> <span class='ocrx_word' id='word_1_228' title='bbox 1291 3308 1373 3361; x_wconf 88' lang='lat' dir='ltr'>con·</span> 
     </span>
     <span class='ocr_line' id='line_1_32' title="bbox 367 3368 1377 3453; baseline -0.009 -1"><span class='ocrx_word' id='word_1_229' title='bbox 367 3384 470 3453; x_wconf 80' lang='lat' dir='ltr'>fertur</span> <span class='ocrx_word' id='word_1_230' title='bbox 493 3394 512 3443; x_wconf 92' lang='lat' dir='ltr'>a</span> <span class='ocrx_word' id='word_1_231' title='bbox 535 3374 644 3447; x_wconf 78' lang='lat' dir='ltr'>nobit,</span> <span class='ocrx_word' id='word_1_232' title='bbox 666 3368 838 3452; x_wconf 70' lang='lat' dir='ltr'>deforma,</span> <span class='ocrx_word' id='word_1_233' title='bbox 859 3373 1026 3453; x_wconf 83' lang='lat' dir='ltr'>nobilitas,</span> <span class='ocrx_word' id='word_1_234' title='bbox 1041 3375 1153 3449; x_wconf 57' lang='lat' dir='ltr'>devia:</span> <span class='ocrx_word' id='word_1_235' title='bbox 1172 3375 1302 3441; x_wconf 85' lang='lat' dir='ltr'>aiterum</span> <span class='ocrx_word' id='word_1_236' title='bbox 1317 3394 1377 3443; x_wconf 82' lang='lat' dir='ltr'>eo·</span> 
     </span>
     <span class='ocr_line' id='line_1_33' title="bbox 365 3450 1373 3553; baseline -0.004 -25"><span class='ocrx_word' id='word_1_237' title='bbox 365 3486 457 3545; x_wconf 71' lang='lat' dir='ltr'>rum,</span> <span class='ocrx_word' id='word_1_238' title='bbox 478 3477 611 3547; x_wconf 89' lang='lat' dir='ltr'>quorum</span> <span class='ocrx_word' id='word_1_239' title='bbox 625 3470 684 3523; x_wconf 83' lang='lat' dir='ltr'>noa</span> <span class='ocrx_word' id='word_1_240' title='bbox 706 3473 834 3538; x_wconf 89' lang='lat' dir='ltr'>quoque</span> <span class='ocrx_word' id='word_1_241' title='bbox 863 3456 970 3553; x_wconf 63' lang='grc' dir='ltr'><em>ιωιῳὶ</em></span> <span class='ocrx_word' id='word_1_242' title='bbox 990 3456 1022 3524; x_wconf 79' lang='lat' dir='ltr'>dt</span> <span class='ocrx_word' id='word_1_243' title='bbox 1040 3460 1157 3521; x_wconf 66' lang='lat' dir='ltr'>auu-iau</span> <span class='ocrx_word' id='word_1_244' title='bbox 1177 3457 1301 3539; x_wconf 81' lang='lat' dir='ltr'>sumus,</span> <span class='ocrx_word' id='word_1_245' title='bbox 1320 3450 1373 3529; x_wconf 82' lang='lat' dir='ltr'>fe·</span> 
     </span>
     <span class='ocr_line' id='line_1_34' title="bbox 365 3539 1376 3625; baseline -0.008 -5"><span class='ocrx_word' id='word_1_246' title='bbox 365 3552 517 3622; x_wconf 82' lang='lat' dir='ltr'>licitatem</span> <span class='ocrx_word' id='word_1_247' title='bbox 542 3542 608 3609; x_wconf 84' lang='lat' dir='ltr'>esse</span> <span class='ocrx_word' id='word_1_248' title='bbox 634 3540 756 3605; x_wconf 79' lang='lat' dir='ltr'>euhoe</span> <span class='ocrx_word' id='word_1_249' title='bbox 778 3539 939 3625; x_wconf 78' lang='lat' dir='ltr'>posteriori</span> <span class='ocrx_word' id='word_1_250' title='bbox 963 3558 1096 3625; x_wconf 87' lang='lat' dir='ltr'>genere:</span> <span class='ocrx_word' id='word_1_251' title='bbox 1113 3560 1183 3608; x_wconf 90' lang='lat' dir='ltr'>nam</span> <span class='ocrx_word' id='word_1_252' title='bbox 1206 3542 1376 3613; x_wconf 76' lang='lat' dir='ltr'>&amp;datura</span> 
     </span>
     <span class='ocr_line' id='line_1_35' title="bbox 367 3623 1375 3713; baseline 0.003 -19"><span class='ocrx_word' id='word_1_253' title='bbox 367 3636 462 3713; x_wconf 82' lang='lat' dir='ltr'>Deo,</span> <span class='ocrx_word' id='word_1_254' title='bbox 482 3630 513 3694; x_wconf 72' lang='grc' dir='ltr'>ἂ</span> <span class='ocrx_word' id='word_1_255' title='bbox 535 3643 638 3693; x_wconf 88' lang='lat' dir='ltr'>tamen</span> <span class='ocrx_word' id='word_1_256' title='bbox 661 3642 725 3691; x_wconf 91' lang='lat' dir='ltr'>non</span> <span class='ocrx_word' id='word_1_257' title='bbox 740 3623 830 3689; x_wconf 88' lang='lat' dir='ltr'>datur</span> <span class='ocrx_word' id='word_1_258' title='bbox 848 3624 957 3690; x_wconf 83' lang='lat' dir='ltr'>otiosis</span> <span class='ocrx_word' id='word_1_259' title='bbox 974 3642 1012 3689; x_wconf 89' lang='lat' dir='ltr'>ac</span> <span class='ocrx_word' id='word_1_260' title='bbox 1025 3624 1101 3690; x_wconf 87' lang='lat' dir='ltr'>nihii</span> <span class='ocrx_word' id='word_1_261' title='bbox 1119 3625 1299 3711; x_wconf 82' lang='lat' dir='ltr'>agentibus,</span> <span class='ocrx_word' id='word_1_262' title='bbox 1318 3628 1375 3697; x_wconf 83' lang='lat' dir='ltr'>sed</span> 
     </span>
     <span class='ocr_line' id='line_1_36' title="bbox 365 3706 1377 3803; baseline -0.009 -13"><span class='ocrx_word' id='word_1_263' title='bbox 365 3722 425 3803; x_wconf 87' lang='lat' dir='ltr'>iis,</span> <span class='ocrx_word' id='word_1_264' title='bbox 445 3716 497 3803; x_wconf 90' lang='lat' dir='ltr'>qui</span> <span class='ocrx_word' id='word_1_265' title='bbox 518 3708 698 3793; x_wconf 88' lang='lat' dir='ltr'>disciplina,</span> <span class='ocrx_word' id='word_1_266' title='bbox 725 3707 970 3786; x_wconf 80' lang='lat' dir='ltr'>exercitatione,</span> <span class='ocrx_word' id='word_1_267' title='bbox 997 3708 1224 3777; x_wconf 87' lang='lat' dir='ltr'>consuetudine</span> <span class='ocrx_word' id='word_1_268' title='bbox 1242 3706 1275 3775; x_wconf 87' lang='lat' dir='ltr'>se</span> <span class='ocrx_word' id='word_1_269' title='bbox 1289 3710 1377 3797; x_wconf 77' lang='lat' dir='ltr'>ipson</span> 
     </span>
     <span class='ocr_line' id='line_1_37' title="bbox 365 3789 1374 3878; baseline -0.013 -5"><span class='ocrx_word' id='word_1_270' title='bbox 365 3806 407 3874; x_wconf 82' lang='lat' dir='ltr'>ad</span> <span class='ocrx_word' id='word_1_271' title='bbox 432 3816 558 3869; x_wconf 90' lang='lat' dir='ltr'>omnem</span> <span class='ocrx_word' id='word_1_272' title='bbox 587 3794 737 3860; x_wconf 86' lang='lat' dir='ltr'>virtutem</span> <span class='ocrx_word' id='word_1_273' title='bbox 763 3808 860 3878; x_wconf 83' lang='lat' dir='ltr'>atque</span> <span class='ocrx_word' id='word_1_274' title='bbox 887 3789 1079 3860; x_wconf 82' lang='lat' dir='ltr'>honestatem</span> <span class='ocrx_word' id='word_1_275' title='bbox 1099 3795 1259 3863; x_wconf 88' lang='lat' dir='ltr'>colendam</span> <span class='ocrx_word' id='word_1_276' title='bbox 1281 3814 1374 3869; x_wconf 85' lang='lat' dir='ltr'>eom·</span> 
     </span>
     <span class='ocr_line' id='line_1_38' title="bbox 405 3899 520 3955; baseline -0.07 0"><span class='ocrx_word' id='word_1_277' title='bbox 405 3899 520 3955; x_wconf 90' lang='lat' dir='ltr'>rarunt.</span> 
     </span>
     <span class='ocr_line' id='line_1_39' title="bbox 363 3908 1372 4049; baseline 0 -16"><span class='ocrx_word' id='word_1_278' title='bbox 363 3908 441 4037; x_wconf 55' lang='lat' dir='ltr'>pati</span> <span class='ocrx_word' id='word_1_279' title='bbox 461 3976 506 4047; x_wconf 70' lang='lat' dir='ltr'>pi·</span> <span class='ocrx_word' id='word_1_280' title='bbox 526 3962 582 4049; x_wconf 69' lang='lat' dir='ltr'>d]</span> <span class='ocrx_word' id='word_1_281' title='bbox 608 3962 640 4029; x_wconf 87' lang='lat' dir='ltr'>Si</span> <span class='ocrx_word' id='word_1_282' title='bbox 668 3958 743 4045; x_wconf 91' lang='lat' dir='ltr'>quid</span> <span class='ocrx_word' id='word_1_283' title='bbox 766 3954 856 4025; x_wconf 91' lang='lat' dir='ltr'>datur</span> <span class='ocrx_word' id='word_1_284' title='bbox 878 3956 1056 4026; x_wconf 85' lang='lat' dir='ltr'>hominibus</span> <span class='ocrx_word' id='word_1_285' title='bbox 1077 3980 1094 4027; x_wconf 95' lang='lat' dir='ltr'>a</span> <span class='ocrx_word' id='word_1_286' title='bbox 1117 3961 1206 4045; x_wconf 86' lang='lat' dir='ltr'>Deo,</span> <span class='ocrx_word' id='word_1_287' title='bbox 1238 3960 1372 4035; x_wconf 83' lang='lat' dir='ltr'>felicita·</span> 
     </span>
     <span class='ocr_line' id='line_1_40' title="bbox 370 4040 1373 4131; baseline -0.011 -6"><span class='ocrx_word' id='word_1_288' title='bbox 370 4076 436 4127; x_wconf 86' lang='lat' dir='ltr'>tem</span> <span class='ocrx_word' id='word_1_289' title='bbox 456 4050 570 4120; x_wconf 88' lang='lat' dir='ltr'>rationi</span> <span class='ocrx_word' id='word_1_290' title='bbox 584 4040 826 4113; x_wconf 86' lang='lat' dir='ltr'>consentaneum</span> <span class='ocrx_word' id='word_1_291' title='bbox 840 4042 885 4107; x_wconf 83' lang='lat' dir='ltr'>eii</span> <span class='ocrx_word' id='word_1_292' title='bbox 899 4043 963 4110; x_wconf 85' lang='lat' dir='ltr'>dari</span> <span class='ocrx_word' id='word_1_293' title='bbox 974 4092 984 4124; x_wconf 93' lang='lat'>,</span> <span class='ocrx_word' id='word_1_294' title='bbox 1005 4064 1077 4113; x_wconf 89' lang='lat' dir='ltr'>cum</span> <span class='ocrx_word' id='word_1_295' title='bbox 1096 4046 1132 4113; x_wconf 86' lang='lat' dir='ltr'>iit</span> <span class='ocrx_word' id='word_1_296' title='bbox 1150 4048 1289 4116; x_wconf 92' lang='lat' dir='ltr'>omnium</span> <span class='ocrx_word' id='word_1_297' title='bbox 1315 4051 1373 4131; x_wconf 80' lang='lat' dir='ltr'>bo·</span> 
     </span>
     <span class='ocr_line' id='line_1_41' title="bbox 368 4124 1374 4225; baseline -0.009 -14"><span class='ocrx_word' id='word_1_298' title='bbox 368 4157 481 4212; x_wconf 92' lang='lat' dir='ltr'>norum</span> <span class='ocrx_word' id='word_1_299' title='bbox 498 4128 793 4225; x_wconf 79' lang='lat' dir='ltr'>praestantissimum.</span> <span class='ocrx_word' id='word_1_300' title='bbox 835 4124 924 4192; x_wconf 89' lang='lat' dir='ltr'>Nihil</span> <span class='ocrx_word' id='word_1_301' title='bbox 939 4146 1041 4195; x_wconf 87' lang='lat' dir='ltr'>autem</span> <span class='ocrx_word' id='word_1_302' title='bbox 1058 4131 1123 4197; x_wconf 89' lang='lat' dir='ltr'>dari</span> <span class='ocrx_word' id='word_1_303' title='bbox 1146 4151 1164 4197; x_wconf 87' lang='lat' dir='ltr'>a</span> <span class='ocrx_word' id='word_1_304' title='bbox 1183 4130 1257 4199; x_wconf 91' lang='lat' dir='ltr'>Deo</span> <span class='ocrx_word' id='word_1_305' title='bbox 1273 4133 1374 4201; x_wconf 86' lang='lat' dir='ltr'>homi·</span> 
     </span>
     <span class='ocr_line' id='line_1_42' title="bbox 367 4210 1374 4308; baseline -0.006 -16"><span class='ocrx_word' id='word_1_306' title='bbox 367 4225 478 4301; x_wconf 78' lang='lat' dir='ltr'>nibus,</span> <span class='ocrx_word' id='word_1_307' title='bbox 497 4236 561 4287; x_wconf 91' lang='lat' dir='ltr'>non</span> <span class='ocrx_word' id='word_1_308' title='bbox 580 4229 699 4308; x_wconf 81' lang='lat' dir='ltr'>tantum</span> <span class='ocrx_word' id='word_1_309' title='bbox 717 4211 844 4291; x_wconf 82' lang='lat' dir='ltr'>impium</span> <span class='ocrx_word' id='word_1_310' title='bbox 857 4210 938 4277; x_wconf 76' lang='lat' dir='ltr'>esset</span> <span class='ocrx_word' id='word_1_311' title='bbox 946 4213 1069 4293; x_wconf 85' lang='lat' dir='ltr'>dicere,</span> <span class='ocrx_word' id='word_1_312' title='bbox 1087 4218 1303 4285; x_wconf 86' lang='lat' dir='ltr'>verumetiam</span> <span class='ocrx_word' id='word_1_313' title='bbox 1318 4220 1374 4285; x_wconf 86' lang='lat' dir='ltr'>ab·</span> 
     </span>
     <span class='ocr_line' id='line_1_43' title="bbox 370 4292 1382 4467; baseline -0.012 -85"><span class='ocrx_word' id='word_1_314' title='bbox 370 4303 543 4383; x_wconf 81' lang='lat' dir='ltr'>surdum&amp;</span> <span class='ocrx_word' id='word_1_315' title='bbox 562 4292 728 4373; x_wconf 74' lang='lat' dir='ltr'>museto</span> <span class='ocrx_word' id='word_1_316' title='bbox 740 4292 875 4369; x_wconf 72' lang='lat' dir='ltr'>uuum.</span> <span class='ocrx_word' id='word_1_317' title='bbox 888 4296 990 4389; x_wconf 70' lang='lat' dir='ltr'>igitur</span> <span class='ocrx_word' id='word_1_318' title='bbox 1008 4298 1103 4387; x_wconf 66' lang='lat' dir='ltr'>eom</span> <span class='ocrx_word' id='word_1_319' title='bbox 1116 4296 1254 4389; x_wconf 68' lang='lat' dir='ltr'>feliciter</span> <span class='ocrx_word' id='word_1_320' title='bbox 1274 4301 1382 4467; x_wconf 51' lang='grc' dir='ltr'>ὼε</span> 
     </span>
    </p>
   </div>
   <div class='ocr_carea' id='block_1_3' title="bbox 0 0 1751 5550">
    <p class='ocr_par' dir='ltr' id='par_1_3' title="bbox 0 0 1751 5550">
     <span class='ocr_line' id='line_1_44' title="bbox 0 0 1751 5550; baseline 0 0"><span class='ocrx_word' id='word_1_321' title='bbox 0 0 1751 5550; x_wconf 95' lang='lat' dir='ltr'> </span> 
     </span>
    </p>
   </div>
  </div>
 </body>
</html>
