3475 5550
404 672 469 761 24⁸
619 663 675 740 M.
754 664 799 735 Α.
880 664 1227 739 Moriar

413 827 491 894 Tum
517 824 684 912 cujusmodi
707 822 923 902 medocritas,
950 821 1098 914 justitia,
1131 826 1168 897 δ’
1187 825 1262 911 jus,
1294 842 1425 904 quartus

409 930 510 978 rerum
536 909 663 975 medium
677 905 731 989 stt.
774 904 851 977 Non
869 912 952 977 enim
973 910 1084 975 eodem
1107 907 1204 975 modo
1225 906 1427 975 rnediocritas·

409 994 456 1061 est
470 992 584 1083 justitia
592 1039 611 1075 ,,
618 1011 683 1077 quo
704 1005 829 1061 ceterae
840 996 994 1075 virtutes,
1010 995 1051 1059 de
1061 994 1174 1078 quibus
1184 1008 1272 1059 antea
1286 992 1425 1076 disputa·

389 1117 394 1130 ·
408 1096 476 1149 tum
492 1076 546 1145 est.
586 1079 724 1144 Primum
742 1077 827 1162 quod
845 1077 952 1145 inillis
968 1097 1032 1148 non
1051 1077 1206 1163 speciatur
1222 1078 1423 1148 mediocritas

411 1183 450 1231 ex
468 1162 560 1228 rebus
579 1159 668 1257 ipsis,
691 1157 743 1227 sed
765 1163 928 1230 exanimo
954 1162 1037 1245 elur,
1057 1164 1109 1312 aui
1127 1162 1201 1246 agit.
1241 1159 1317 1228 Non
1337 1161 1422 1228 enim

409 1250 464 1333 qui
482 1247 649 1328 mediocria
657 1245 798 1393 gefjfflla
810 1243 910 1327 subit,
931 1244 1057 1313 sortire
1090 1296 1100 1327 ‚
1121 1264 1223 1329 neque
1237 1246 1290 1333 qui
1303 1245 1424 1311 medio·

408 1323 454 1399 cri
470 1330 636 1415 voluptate
689 1346 790 1410 uitur,
816 1348 1008 1411 temperans:
1030 1330 1080 1396 sed
1099 1333 1152 1416 qui
1168 1331 1352 1397 inmaritnis
1366 1347 1422 1414 pe·

404 1416 533 1495 riculis,
554 1413 758 1496 maximisque
772 1414 989 1500 voluptatibus
1004 1416 1249 1482 moderationem
1267 1414 1358 1482 animi
1372 1430 1423 1478 re·

413 1503 518 1577 tinet,
550 1515 654 1581 neque
675 1497 726 1562 illa
746 1495 834 1593 supra
857 1498 985 1566 modum
1010 1498 1213 1576 extimescit,
1238 1516 1346 1587 =neque
1367 1496 1423 1563 hae

410 1582 582 1656 immodice
593 1581 800 1666 concupiscit.
837 1583 878 1650 At
891 1582 1006 1666 justitia
1019 1600 1121 1650 rerum
1138 1582 1268 1669 ipsarum
1284 1582 1424 1651 medium

409 1668 560 1756 inquirit,
590 1666 686 1734 modo
707 1668 899 1751 geometrica
918 1667 1063 1748 ratione,
1092 1669 1188 1734 modo
1208 1666 1425 1747 arithmetica,

411 1770 450 1822 ut
478 1754 534 1818 luo
559 1750 634 1817 loco
655 1750 848 1818 docebimue
891 1752 1018 1818 Deinde
1043 1771 1099 1819 eae
1121 1770 1249 1837 quarum
1274 1767 1422 1820 naturam

407 1837 559 1909 lradlemu
580 1834 861 1920 pertradlavimua‚
886 1836 1175 1919 mediumquodam
1197 1835 1294 1903 modo
1314 1835 1423 1922 locum

407 1921 570 1992 interduo
586 1934 725 1987 extrema
741 1917 874 1999 vitiosa,
894 1938 1028 2003 quorum
1044 1940 1138 1987 unum
1155 1922 1193 1985 ab
1206 1920 1307 1986 altero
1318 1917 1425 1985 distin·
1483 1970 1485 1972 .

409 2008 494 2077 dium
521 2002 587 2087 est,
606 2004 767 2075 obtinent:
790 2020 825 2070 ut
843 2001 1002 2071 fortitudo
1021 2005 1104 2070 inter
1125 2006 1307 2084 audaciam,
1329 2005 1360 2073 dt
1383 2002 1426 2069 ti·

411 2090 604 2169 miditatem,
625 2088 793 2155 liberalitas
814 2089 896 2155 inter
914 2086 1119 2165 effusionem,
1140 2091 1170 2155 dt
1190 2089 1369 2166 avaritiam:
1390 2101 1424 2153 at

406 2174 544 2262 jullitiae
586 2191 647 2240 una
670 2171 848 2242 adversatur
867 2173 1025 2256 injustitia.
1064 2172 1228 2240 Postremo
1252 2174 1282 2239 in
1307 2171 1425 2239 ceteris

408 2260 624 2344 quicunquea
643 2257 748 2324 medio
769 2255 852 2325 abest
895 2258 926 2325 in
942 2257 1022 2322 vitio
1041 2256 1102 2331 eli,
1125 2256 1191 2325 five
1206 2256 1343 2324 medium
1359 2274 1425 2325 non

408 2345 562 2427 attingat,
588 2339 653 2408 five
673 2339 828 2409 trauseat.
857 2303 949 2426 frujus
973 2342 1031 2407 alia
1054 2344 1151 2408 ratior
1182 2362 1245 2409 non
1266 2341 1349 2407 enim
1368 2336 1426 2425 qui

411 2428 514 2497 minus
533 2421 739 2509 consequitur
764 2444 857 2512 quam
873 2443 928 2509 par
941 2425 1007 2507 est,
1025 2424 1152 2508 injustus
1171 2428 1234 2508 eli,
1257 2425 1310 2491 sed
1328 2422 1424 2508 isqui

320 2535 325 2558 ¹
408 2512 465 2583 sibi
489 2511 559 2597 plus
585 2524 751 2592 occupat,
787 2509 840 2593 qui
863 2527 905 2575 ue
928 2509 1021 2575 aliurn
1046 2510 1180 2577 fraudat.
1221 2512 1294 2594 tffur
1319 2525 1427 2580 autem

412 2596 542 2672 medium
558 2592 631 2672 est,
654 2593 736 2662 inter
756 2592 827 2677 plut
900 2594 1021 2661 minus.
1042 2598 1095 2681 qui
1114 2596 1196 2682 enim
1218 2592 1429 2681 neque'plue,

413 2698 519 2779 neque
535 2680 638 2778 minut
662 2693 717 2746 eut
736 2678 867 2778 tribuit,
894 2679 1190 2782 autvconsequitur,
1218 2689 1311 2764 quam
1332 2695 1430 2776 opor·

410 2762 1156 2946 ntrarattineamini]n
1169 2761 1427 2919 literana

369 2954 378 2977 ·
408 2934 544 3022 justitiae
556 2930 638 3016 apud
653 2928 859 3013 jurisperitos.
1419 3015 1421 3019 Ι

454 3016 493 3085 ln
513 3016 565 3083 itis
585 3027 684 3081 autem
705 3013 794 3082 rebus
816 3016 1040 3099 exquirendis]
1061 3015 1219 3086 Nimirum
1241 3031 1357 3083 utnon
1373 3032 1426 3082 ae·

410 3118 551 3180 cuntai,
574 3096 805 3182 exquilitatque
819 3101 956 3185 rationes
973 3098 1210 3180 consectemur,
1229 3119 1304 3184 quas
1314 3101 1423 3173 harum
1445 3113 1448 3119 '

411 3204 515 3256 rerum
531 3181 677 3278 tractatio
695 3199 759 3249 non
777 3183 881 3333 οεΙρῑι,
903 3182 954 3251 sed
966 3187 1180 3271 probabilibur
1191 3187 1347 3284 nitamur,
1367 3185 1427 3251 eii·

409 3289 483 3422 alr
496 3266 1063 3449 rtlzffllllmrrntue
1087 3269 1427 3440 :clintune

415 3445 646 3507 convenienter
663 3432 807 3504 instituto
830 3435 914 3518 suo,
946 3439 1109 3508 exorditur
1129 3459 1147 3504 a
1168 3439 1328 3506 communi
1349 3455 1428 3522 qua·

263 3525 271 3559 ¹
412 3524 484 3594 darn
502 3519 642 3587 omnium
665 3518 825 3587 hominum
845 3522 995 3607 opinione
1012 3524 1053 3590 de
1071 3521 1207 3608 justitia,
1233 3523 1297 3588 hoc
1312 3521 1428 3587 modo:

456 3605 602 3674 Videmus
622 3607 723 3701 igitur
747 3607 869 3694 onius]
893 3605 947 3675 Eu
971 3625 1076 3675 autem
1099 3607 1176 3675 haec
1202 3605 1353 3691 quaedam
1369 3624 1432 3672 no·
1498 3611 1504 3692 f

413 3691 504 3759 minis
527 3687 619 3772 ipsius
640 3691 857 3774 interpretatio
881 3693 1006 3773 potius,
1028 3711 1120 3774 quam
1137 3693 1181 3758 rei
1195 3691 1353 3759 delinitio.
1373 3707 1429 3760 ue·

414 3796 477 3864 que
496 3771 662 3841 obscurum
682 3773 727 3840 eli
748 3793 794 3851 ex,
802 3775 984 3861 analyticis,
1004 3778 1089 3859 prius
1101 3795 1154 3844 aut
1170 3775 1430 3860 intelligendum,

411 3877 468 3935 aut
492 3857 710 3943 explicandum
733 3855 801 3925 esse
823 3859 850 3924 el
871 3862 893 3922 ω’
912 3869 946 3924 ta
963 3860 1161 3942 ἔειεμτοι,
1187 3878 1278 3944 quam
1298 3857 1432 3941 intelligi

413 3941 613 4030 explicarive
634 3941 732 4026 puniit
751 3941 778 4005 a*
798 3942 820 4004 sl
841 3953 875 4010 la
894 3941 920 4010 F
937 3946 1122 4027 calwe.
1161 3944 1311 4028 Justitiam
1335 3945 1432 4028 igitur

407 4032 529 4097 uocant
543 4043 675 4107 omnes,
694 4026 815 4093 nonina
873 4046 924 4092 um
944 4029 1098 4125 qtrendam
1117 4030 1231 4110 animi,
1247 4045 1351 4126 neque
1367 4025 1434 4093 sus·

291 4253 293 4256 ,
411 4109 693 4278 llllllnllil
710 4111 1437 4283 inlellllllltffltitilllllltllllr

406 4299 518 4354 uantur
543 4298 584 4353 ae
599 4277 952 4401 feuuwrdagrudu,
976 4279 1042 4360 &t-
1086 4281 1205 4369 deque
1229 4298 1351 4358 tautum
1389 4300 1432 4356 eu

1354 4383 1431 4452 Ρῐθῖ
