3475 5550
364 701 434 766 rua.
562 693 756 764 .ht..··rn.·
834 693 876 764 lll
916 714 940 762 u
979 705 1125 768 anah
1164 713 1206 770 ις

368 858 448 932 bue,
467 850 539 920 utsr
558 851 628 934 quis
642 848 740 918 hodie
752 850 785 922 in
799 869 868 918 eam
882 852 1031 919 arbitrum
1050 848 1324 935 seaedilceptator

364 938 514 1006 doricum
527 936 668 1026 profiteri
684 936 819 1015 audeat3
842 938 896 1002 rix
916 938 981 1004 ullo
1002 941 1100 1021 pallo
1110 939 1203 1021 apud,
1215 939 1324 1010 cordat

359 1029 392 1092 de
407 1021 524 1092 larun
549 1039 652 1086 rcrutn
676 1021 889 1104 intelligenter
913 1023 1055 1088 homines
1075 1021 1306 1105 impudentiae,

360 1108 467 1193 potius
481 1104 667 1174 temeritatis
677 1123 791 1170 notam
811 1103 954 1189 effugere
970 1105 1062 1191 posse
1078 1110 1231 1176 vitientur.
1272 1107 1324 1172 Aa

364 1192 512 1276 quoniam
530 1190 650 1272 semper
672 1206 765 1271 quarn
789 1189 967 1273 longialime
991 1190 1232 1277 aposellam,
1255 1191 1324 1256 &n

360 1275 505 1344 marcias
521 1272 745 1338 mediocritatis
761 1293 849 1340 meae
865 1271 971 1340 l'edulo
989 1276 1079 1353 cari,
1101 1275 1227 1359 nequid
1245 1292 1324 1360 unqu

357 1357 416 1448 pro
431 1376 521 1436 certo
539 1374 635 1440 atque
653 1358 821 1440 explorato
842 1361 1017 1436 traderem,
1039 1358 1200 1442 quodiplt
1220 1358 1324 1426 mihin

361 1446 434 1512 latia
457 1460 641 1527 perceptum
662 1458 701 1508 ac
719 1445 885 1526 cognitum
902 1441 1004 1524 esset,
1024 1441 1156 1514 servabo
1171 1461 1261 1521 enm,
1285 1459 1324 1520 cu

361 1549 434 1596 me·
451 1544 608 1607 nunquam
643 1525 745 1590 adhue
776 1529 962 1611 poenituit,
1008 1528 1324 1605 coaluetudinem„r

361 1631 433 1680 eum
452 1627 559 1695 aperte
572 1626 610 1678 ac
624 1609 783 1690 dilucide,
802 1628 954 1692 otrentum
971 1613 1000 1678 in
1015 1632 1066 1678 mc
1079 1614 1156 1690 erit,
1168 1611 1324 1693 expelat

360 1715 453 1783 quam
471 1694 632 1772 Platonis,
650 1694 933 1774 quarn-Aristotelis
946 1696 1043 1762 fuisse
1055 1696 1237 1766 sententiam
1249 1711 1324 1779 putu

360 1783 434 1864 qaid
449 1780 522 1845 mlhi
538 1778 792 1846 verisimillimum
810 1780 972 1859 videatur,
985 1782 1036 1848 in
1064 1799 1258 1863 prephatam,
1272 1795 1323 1850 tut

362 1870 451 1935 luam
471 1865 587 1948 cuique
612 1861 642 1926 dt
664 1862 738 1928 mihi
757 1881 884 1943 meum,
917 1865 936 1932 fr
959 1866 1034 1948 quid
1058 1865 1162 1948 pollet
1176 1863 1324 1947 probabi

360 1950 550 2023 occurrerit,
570 1946 867 2029 judicium-liberum
887 1967 924 2012 ac
943 1947 1078 2014 solatum
1097 1951 1288 2032 rel-inquam:
1309 1949 1324 2024 l

365 2032 501 2103 fartaese
527 2033 608 2111 ratio
629 2031 696 2096 aliia
715 2031 854 2115 placem:
878 2035 952 2100 mihi
967 2035 1098 2116 quidem
1117 2052 1204 2104 certe
1222 2049 1324 2116 ntmqu

361 2140 426 2188 non
447 2116 671 2183 incredibiliter
688 2115 785 2183 arrisit
802 2117 852 2182 illa
867 2117 898 2182 in
916 2118 1101 2198 dilinrtando
1119 2131 1324 2184 veterummo

365 2206 439 2280 stia,
462 2202 537 2286 qui,
558 2209 630 2266 cu'm
645 2199 837 2276 abundl'r'cnt
869 2203 1171 2287 dull-rinaecopia,-
1195 2202 1249 2266 vix
1272 2217 1324 2274 tan

363 2304 501 2371 anquam
526 2283 706 2361 derebus,
735 2285 896 2370 inquibus
917 2288 1018 2369 aliqua
1041 2285 1324 2360 inesset-obscurio

366 2373 577 2444 mseyetan'tet
591 2370 624 2435 dt
639 2367 1084 2454 affirmare.pronunciahant.-
1114 2371 1268 2453 Corrupit
1295 2370 1324 2442 h

365 2477 403 2524 ut
428 2457 579 2540 pleraque
600 2453 658 2518 alia
678 2452 810 2538 sequens
833 2472 945 2533 aetas,
975 2455 1248 2537 cruditionemque
1268 2471 1324 2522 eut

363 2562 403 2610 cx
419 2538 611 2607 confidentia
628 2539 780 2621 perdere,
801 2557 907 2622 eoque
922 2541 1068 2622 paulatim
1089 2540 1237 2623 perducta
1256 2555 1324 2606 rest

360 2645 399 2694 ιιι
419 2625 562 2692 homines
587 2619 803 2692 adolescentes
827 2627 990 2709 reperias,
1025 2626 1078 2708 qui
1104 2623 1309 2707 quadriennifl

364 2708 580 2797 quinqueanio
606 2707 637 2773 in
663 2706 880 2792 philosophiae
904 2705 1009 2777 studiis
1033 2723 1195 2793 utcunque
1209 2704 1324 2779 consue

363 2816 423 2874 to,
454 2793 568 2878 quovis
588 2789 714 2856 facilius
732 2793 845 2858 adduci
870 2793 1015 2876 possint,
1038 2812 1129 2875 quam
1150 2809 1184 2857 ut
1211 2791 1243 2857 se
1261 2790 1323 2866 ulla

361 2900 396 2948 re
408 2877 551 2943 dubitare
569 2871 749 2941 ''fateantur.
795 2874 857 2941 hle
884 2895 959 2940 vero
982 2878 1171 2944 &timidum
1190 2892 1299 2943 natura
1318 2885 1324 2945 l

368 2965 439 3041 xit,
466 2962 498 3026 dt
522 2957 715 3043 experientia
736 2972 832 3043 atque
854 2958 1047 3027 ulusrerum
1072 2961 1259 3027 timidiorem
1275 2960 1324 3027 etl

365 3043 605 3116 reddidit-eum
624 3041 847 3125 saepenumero
864 3043 938 3108 mihi
956 3045 1013 3110 usu
1031 3047 1174 3126 venerit,
1193 3063 1230 3110 ut
1246 3062 1324 3129 quar

365 3150 420 3199 me
431 3146 535 3193 rerum
548 3124 708 3192 scientiam
728 3124 844 3193 habere
858 3129 963 3194 animo
981 3148 1169 3215 conceptam
1185 3149 1223 3195 ac
1235 3146 1324 3214 comp

367 3213 493 3284 hensam
515 3209 727 3277 existimabam
738 3254 751 3288 ,
787 3231 891 3277 earum
906 3232 956 3278 me
973 3212 1079 3295 postea
1096 3214 1226 3298 ipsarum
1246 3214 1324 3281 anim

364 3298 514 3366 verterim
534 3314 583 3360 ma
626 3295 686 3361 ain
704 3296 904 3377 ignoratione
916 3297 1039 3366 versari.
1082 3298 1193 3380 ltaque
1203 3299 1247 3365 lio
1264 3299 1324 3365 int'

365 3380 538 3453 tardiora!
559 3400 577 3445 a
614 3379 798 3446 rmandum:
829 3400 933 3465 neque
959 3382 1055 3447 ullum
1079 3382 1148 3449 fere
1164 3384 1315 3463 majorem

368 3466 541 3537 studiorum
567 3462 727 3543 laboribus
745 3462 882 3531 frustum
908 3466 1025 3547 capio,
1054 3466 1324 3550 quanouodmh

362 3550 508 3639 quotidie
525 3545 597 3613 mihi
618 3548 783 3625 blandior,
805 3551 858 3628 dt,
879 3550 898 3614 st
917 3551 993 3615 nihil
1009 3552 1115 3633 aliud,
1137 3550 1244 3617 saltem
1265 3552 1323 3618 ed*

364 3641 425 3705 bur
442 3633 635 3719 ignorantiae
653 3634 1008 3714 malisalteroliberor,
1031 3654 1123 3714 cum,
1144 3655 1224 3720 quae
1248 3632 1323 3704 nese

366 3718 546 3805 consequor
568 3737 604 3783 ea
624 3716 744 3783 nescire
767 3737 817 3782 me
835 3734 869 3782 ut
892 3717 996 3784 sciam.
1038 3719 1114 3785 Non
1133 3721 1215 3787 enim
1236 3738 1290 3787 aut
1312 3736 1324 3787 t

366 3823 482 3893 turpe,
503 3818 556 3867 aut
573 3818 635 3867 tam
654 3802 889 3869 incommodum
902 3800 966 3881 est,
987 3803 1106 3870 nescire
1120 3803 1260 3887 aliquid,
1281 3802 1324 3889 q'u

363 3895 410 3973 fl,
431 3886 520 3973 quod
535 3884 675 3969 nesciae,
698 3888 730 3953 id
745 3902 782 3951 tu
803 3884 881 3951 scire
899 3887 1046 3969 opineris.
1087 3891 1149 3956 Sed
1166 3890 1242 3954 haec
1262 3887 1324 3955 fort

364 3978 403 4046 fis
427 3972 571 4040 alieniora
598 3970 817 4037 tantulane
845 3970 947 4050 illuc,
979 3991 1044 4051 auo
1068 3974 1204 4051 institui,
1235 3974 1324 4043 verna

365 4060 466 4209 9323
477 4062 542 4205 ‚nst
560 4071 696 4205 ροξξιιο,Ι
713 4054 877 4204 eriprlifiarf1
886 4054 1053 4203 ingluuiem
1076 4076 1157 4156 quae
1178 4059 1219 4125 de
1236 4058 1324 4125 ideal

364 4159 518 4297 henli
535 4155 860 4319 lhaldla‘lmlr
876 4142 1183 4293 llilhlshhll
1211 4143 1324 4294 lii

362 4312 487 4409 minum
506 4305 927 4397 sermonlbll⁸⁴qu⁸=stion02
954 4309 1192 4384 fitne.th
1223 4329 1324 4381 ιοιιαι

393 4424 396 4431 “
659 4410 675 4457 'r'
705 4412 742 4453 l..
1313 4423 1324 4466 J

359 4444 417 4479 ιο..
