3475 5550
324 657 393 742 ψ
529 636 589 714 M.
638 635 713 710 “lb
789 634 1135 708 blattea

335 801 374 867 ad
391 797 423 865 id
431 795 624 883 probandum
648 794 688 859 ab
710 793 894 880 ingeniosis,
921 795 1147 862 &exercitatis
1164 793 1354 872 hominibus,

330 900 511 970 argumenta
532 879 704 1028 eecofiitari
726 880 870 962 queant?
891 877 979 952 Nihil
994 879 1038 946 esi
1060 899 1121 946 tam
1145 881 1256 962 molle,
1278 898 1345 948 tam

335 985 501 1045 tenerum,
524 983 586 1030 tam
635 964 769 1043 exibiie,
792 981 853 1028 tam
874 982 1017 1041 cereum,
1038 984 1130 1048 quum
1144 967 1263 1045 oratio,
1285 981 1350 1042 ne,-

332 1071 397 1138 que
421 1051 587 1136 quicquam
612 1046 657 1112 est
684 1064 746 1112 tam
770 1046 954 1125 absurdum,
982 1049 1055 1130 quin
1074 1049 1208 1120 dicendo
1234 1049 1346 1134 prober

338 1135 505 1212 hilarini,
525 1150 628 1216 neque
647 1146 709 1196 tam
726 1150 835 1197 verum
854 1135 884 1196 dt
902 1130 1115 1215 exploratum,
1134 1135 1218 1219 rquin
1241 1134 1349 1210 diceu-¹

334 1222 378 1300 po
398 1222 428 1286 io
462 1219 590 1288 dubium
612 1216 741 1296 vocari,
761 1231 815 1280 aut
834 1217 928 1282 etiam
948 1219 1074 1314 coargui
1092 1234 1195 1300 queat.
1243 1218 1351 1307 Quam

339 1307 437 1384 inulta
462 1296 627 1390 collegisse
647 1299 724 1364 olim
744 1297 839 1368 Meto
866 1300 1062 1368 Atheniensis
1081 1302 1213 1380 dicitur,
1233 1301 1351 1386 quibua

339 1389 540 1465 ostenderet,
562 1381 683 1448 caelum
699 1382 798 1462 liare,
820 1401 932 1450 terram
946 1400 1049 1450 aaron
1068 1403 1220 1469 perpetuo
1237 1402 1350 1452 move·

335 1475 389 1552 ri?
411 1471 515 1563 Quam
531 1485 621 1534 certo
634 1469 834 1533 crediderunt
852 1484 996 1546 vermes,
1019 1469 1124 1535 Solem
1138 1490 1155 1535 a
1171 1469 1257 1538 Luna
1276 1488 1350 1554 prm

338 1558 458 1628 simum
480 1553 571 1619 esse?
600 1551 703 1702 (guam
728 1552 818 1618 firme
839 1551 894 1620 sibi
923 1551 1147 1635 persuaserant,
1172 1555 1353 1638 equitique

325 1637 445 1710 'terrae
458 1637 594 1724 partibus
632 1656 685 1701 uas
702 1653 855 1702 extremas
878 1635 921 1700 ob
940 1634 1059 1719 frigus,
1090 1640 1219 1704 mediam
1237 1639 1282 1708 ob
1303 1655 1354 1704 ca·

340 1728 442 1808 iorem
469 1722 707 1788 immoderatum
735 1719 803 1784 csse
829 1719 1094 1789 inhabitabilem?
1126 1724 1217 1816 Quae
1248 1739 1354 1794 tamen

338 1809 418 1888 falsa
438 1805 504 1874 esse
519 1804 626 1889 postea
639 1799 791 1870 consistit.
832 1806 877 1869 At
890 1805 1046 1886 rationes,
1066 1807 1178 1890 quibus
1195 1806 1354 1874 eaefficie·

340 1897 438 1973 bant,
459 1888 647 1958 necessariae
660 1889 719 1953 illis
745 1889 938 1970 temporibus
951 1890 1143 1959 uidebantur.
1188 1891 1358 1962 vidistisne

334 1995 479 2060 nuquam
501 1976 531 2040 in
555 1972 647 2040 denia
672 1974 703 2047 dt
730 1971 891 2038 tenebrosa
917 1974 1012 2040 nolle
1035 1973 1194 2042 accensam
1217 1976 1354 2060 aliquam

341 2062 449 2130 secem
472 2059 681 2154 elonginquo
705 2055 984 2123 locomicantcm‘l
1008 2056 1094 2126 illam
1116 2060 1226 2143 igitur,
1247 2078 1357 2144 quam·

344 2148 396 2213 vis
417 2144 575 2221 dissstam,
602 2141 775 2207 videbatis:
807 2159 911 2224 oeque
938 2145 1224 2228 tamen-quicquam
1246 2145 1276 2211 in
1297 2145 1356 2212 illo

346 2233 445 2314 longo
464 2225 630 2308 interjetlo
651 2226 731 2290 inter
751 2227 878 2290 oculum
896 2226 1028 2292 vestrum
1052 2230 1082 2294 dt
1106 2227 1230 2310 facem,
1251 2227 1354 2296 denes

345 2316 449 2384 obsito
473 2309 609 2377 tenebris
630 2307 749 2394 spatio,
777 2310 887 2376 videre
901 2314 1062 2394 poteratis.
1103 2313 1187 2379 idem
1201 2329 1352 2398 putatote

344 2399 455 2475 anienis
469 2395 621 2474 accidere,
659 2393 758 2476 Saepe
782 2397 901 2460 anianus
917 2396 1020 2462 noller
1034 2397 1197 2464 veritatem
1213 2399 1357 2482 alicuius

349 2479 596 2557 enunciatioois,
626 2492 771 2561 tanquam
798 2480 917 2544 eminus
943 2478 1116 2564 fulgentem
1142 2502 1180 2550 ac
1196 2484 1357 2552 collucen-

338 2565 516 2644 temvidet:
535 2561 652 2630 etiamsi
666 2579 794 2646 propter
807 2563 977 2645 illam,qua
991 2563 1197 2636 circumfusus
1208 2566 1271 2645 esi,
1303 2585 1360 2634 ca·

340 2654 498 2736 ligincm,
520 2648 628 2724 videre
649 2664 707 2725 ea,
728 2665 809 2729 quae
835 2647 1018 2732 intermedia
1043 2649 1131 2730 sum,
1152 2653 1182 2717 dt
1203 2669 1258 2733 per
1278 2669 1360 2736 quae

346 2739 385 2811 ad
401 2755 467 2801 eam
483 2733 683 2817 pervenitur,
704 2749 767 2798 nou
783 2731 897 2815 potest.
941 2733 983 2800 Ur
1004 2734 1096 2817 igitur
1117 2734 1135 2802 s
1153 2737 1221 2818 quis
1237 2738 1293 2803 tibi
1310 2737 1358 2804 so·

347 2819 446 2908 pnista
472 2819 607 2900 probare
631 2813 728 2879 vellet
753 2833 785 2880 tc
801 2817 956 2883 bominem
975 2838 1037 2883 oon
1051 2818 1134 2898 csse,
1155 2837 1207 2886 aut
1225 2840 1358 2904 canem,

346 2910 402 2991 qui
421 2902 502 2968 esset
519 2915 607 2982 pater
614 2942 626 2976 ‚
650 2897 796 2981 idemque
810 2901 889 2965 esset
908 2916 1000 2977 tuus,
1023 2903 1140 2970 iccirco
1154 2903 1221 2970 csse
1238 2924 1360 2988 patrem

350 3006 459 3067 tuum,
481 2983 598 3061 etiams
615 2980 778 3051 fallacibus
799 2984 859 3049 illis
877 2981 1063 3069 syllogismis
1082 3007 1208 3072 propter
1222 2992 1362 3059 dialesii·

352 3091 407 3139 ces
428 3068 613 3153 imperitiam
629 3065 817 3149 respondere
829 3086 892 3133 non
909 3070 1037 3150 posses,
1059 3092 1121 3138 non
1139 3075 1361 3143 tamcndcmor

346 3155 471 3223 ‚vereris
487 3171 505 3216 a
521 3151 647 3232 cognita
663 3150 814 3228 veritate,
835 3171 937 3236 neque
958 3153 1084 3221 haberes
1096 3158 1187 3223 fidem
1205 3159 1259 3240 iis,
1282 3177 1363 3243 quae

353 3241 393 3310 ab
419 3257 461 3304 co
483 3236 765 3301 concluderentur:
794 3236 836 3298 ita
861 3236 881 3300 sr
911 3240 980 3318 quis
1004 3240 1135 3324 aliquam
1157 3243 1214 3307 tibi
1235 3245 1362 3328 impiam

347 3321 531 3401 sententiam
555 3320 740 3385 consumare
756 3322 943 3403 argumentis
965 3323 1058 3403 velit,
1080 3326 1195 3393 etiamst
1214 3347 1275 3394 non
1292 3348 1367 3413 poe·

352 3408 410 3487 fit,
439 3424 519 3490 quac
535 3405 573 3468 ab
589 3423 629 3468 co
643 3421 880 3485 proponuntur,
902 3404 1091 3488 dissolvere,
1120 3428 1300 3495 permanere
1319 3430 1365 3479 ta·

354 3510 447 3569 men,
468 3507 505 3553 ae
522 3486 655 3569 perslarc
674 3484 768 3551 debes
791 3489 819 3553 in
841 3506 899 3561 eo,
926 3491 1011 3569 quod
1028 3511 1134 3560 verum
1154 3496 1220 3562 esse
1236 3513 1286 3563 tot
1298 3497 1361 3579 jam

348 3574 479 3643 saeculis
498 3589 646 3655 perpetua
666 3572 804 3637 omnium
830 3573 969 3655 gcntium
993 3577 1154 3644 consensio
1178 3582 1367 3665 comproba·

353 3659 413 3725 sit.
455 3658 487 3723 Si
502 3658 561 3721 iter
578 3656 702 3738 aliquod
719 3654 923 3738 ingressurus,
944 3659 1019 3723 durs
1036 3662 1155 3729 videres
1178 3667 1263 3746 vias,
1283 3684 1365 3751 quae

348 3743 462 3812 eodem
488 3735 634 3816 ferrent,
667 3758 774 3805 cerum
800 3760 889 3806 troam
912 3744 1111 3827 expeditam,
1139 3748 1281 3830 planam.
1312 3767 1363 3818 tu.-

355 3847 438 3905 tam,
459 3828 489 3890 de
512 3843 552 3887 eo
569 3842 634 3907 quo
653 3823 889 3905 constituissem*
904 3825 968 3892 sne
987 3827 1047 3891 ulla
1069 3834 1224 3902 erratione
1243 3835 1362 3903 ducen-

253 3909 260 3925 '
279 3960 282 3971 .
355 3929 439 3979 tem:
457 3908 584 3973 alteram
597 3906 788 3988 tortuosam,
808 3910 964 3992 asperam,
988 3914 1252 3996 periculosam&
1270 3937 1365 4001 quam

354 4005 408 4071 md
428 3988 649 4065 seobetentur‚
680 4010 807 4070 propter
823 3996 924 4060 rarior
948 3997 977 4063 dt
999 3999 1188 4083 multiplices
1206 4002 1366 4075 anstasius

352 4079 647 4162 saepeaberrarent,
669 4075 843 4158 dubitares,
868 4098 967 4144 utram
981 4083 1086 4161 potius
1104 4085 1257 4166 eligeres?
1274 4086 1370 4157 Duae

352 4165 424 4243 supe
450 4162 539 4237 viae,
565 4160 678 4239 quibus
698 4160 839 4227 homines
859 4164 896 4228 ad
915 4165 1044 4245 aliquam
1066 4164 1279 4250 cognitionem
1305 4171 1368 4240 Dei

355 4249 387 4327 e
408 4247 502 4327 enimi
515 4244 563 4325 iri.
577 4244 744 4343 perrenae
757 4247 853 4345 posse
873 4246 905 4327 st
918 4253 1049 4346 peraeta
1067 4268 1120 4329 aut
1138 4256 1220 4334 euin
1234 4274 1274 4333 ao
1292 4274 1371 4335 cen·

595 4354 598 4361 '
800 4393 804 4403 ·
1299 4354 1372 4423 tell*

235 4770 377 4884 fx
