3475 5550
356 675 428 740 odo
483 699 487 706 ·
536 669 609 737 ul.
687 666 764 734 Λ.·-
809 667 852 735 M
893 685 975 735 aa
1017 661 1154 737 ι’τι
1227 647 1230 654 ’

341 817 455 894 ''nere·.
469 819 545 900 'non
566 827 648 892 enim
665 824 779 908 plane,
805 825 836 890 de
859 827 988 892 omnino
1012 821 1118 910 suapte
1137 825 1169 890 ii
1193 824 1371 909 expetitum

344 915 432 977 ·lmo
453 929 529 974 etro
551 911 689 993 optimus
712 913 741 973 ἃ
759 909 953 992 gravislimus
978 913 1110 994 quisque
1132 910 1225 991 (nam
1251 911 1370 977 leuium

367 996 514 1078 quidem,
547 991 803 1060 &ventosurum
830 994 990 1058 bominum
1013 996 1070 1058 alla
1095 997 1175 1058 ratio
1202 994 1270 1075 eli)
1304 1013 1382 1062 non

366 1081 455 1152 aliam
479 1073 547 1143 sere
569 1077 612 1140 ob
635 1077 771 1142 caussam
791 1078 919 1143 honoris
936 1077 1036 1143 studio
1058 1078 1200 1154 ducitur,
1224 1097 1316 1161 quam
1335 1093 1371 1144 ut

364 1165 456 1249 plane
475 1163 657 1248 perspiciat,
679 1161 710 1226 id
723 1163 809 1246 quod
827 1164 961 1226 maxime
977 1164 1081 1244 eupit,
1104 1161 1135 1225 se
1150 1162 1268 1226 virtute
1283 1177 1372 1245 prae·

366 1249 467 1314 ditum
485 1246 563 1310 csse.
606 1245 731 1310 'salium
748 1246 840 1329 igitur
854 1245 971 1325 judicio
990 1248 1137 1311 virtutem
1149 1247 1269 1312 honore
1283 1264 1372 1328 prac-

367 1331 496 1398 stautius
518 1330 661 1412 quiddam
683 1327 749 1394 csse
768 1328 900 1394 constat.
955 1329 1019 1394 llic
1045 1347 1146 1396 autem
1176 1329 1370 1396 consideran·

365 1417 464 1493 durn,
492 1413 660 1495 sapientum
683 1411 833 1480 sententia
858 1429 1052 1495 quantopere
1075 1433 1092 1477 a
1113 1415 1284 1498 vulgarium
1298 1415 1369 1498 opi·

364 1500 461 1566 nione
480 1498 632 1564 dissideat.
672 1496 799 1588 Quotus
816 1498 897 1562 urim
912 1498 1044 1581 quisque
1059 1496 1195 1563 nostrum
1211 1498 1278 1576 cll,
1295 1499 1372 1582 qui,

365 1584 388 1652 st
406 1601 530 1667 aperte,
552 1600 589 1646 ac
604 1579 666 1646 line
684 1583 744 1646 ulla
757 1580 999 1646 dissimulatione
1017 1580 1133 1646 senstrm
1148 1583 1239 1647 animi
1256 1580 1299 1646 sui
1317 1599 1373 1647 ve·

364 1667 403 1734 iit
428 1684 631 1749 expromere,
651 1683 715 1729 non
733 1665 776 1729 ita
798 1665 975 1740 existimet,
988 1665 1124 1731 ⁴honoris
1142 1667 1247 1749 potius
1261 1661 1372 1732 eoose-

252 1815 255 1820 .
390 1751 479 1816 uendi
507 1750 603 1832 gratia
628 1747 812 1831 sequendam
836 1747 903 1814 esse
926 1750 1094 1828 virtutem,
1124 1769 1214 1835 quam
1244 1751 1374 1818 honoris

354 1773 497 1903 audium
513 1836 551 1898 ad
566 1835 715 1898 virtutem
735 1833 822 1916 dirigi
842 1835 1014 1916 oportere?
1035 1835 1123 1900 Pone
1142 1853 1179 1899 ex
1193 1835 1288 1900 altena
1304 1853 1376 1917 pat·

365 1936 400 1985 tc
419 1921 568 1984 virtutem
592 1917 677 1982 omni
703 1916 825 1983 bonore
844 1918 1022 1999 spoliatam:
1046 1918 1197 1983 exaltem
1216 1919 1370 1986 bonorem

356 2005 383 2088 ’(
394 2021 567 2087 quanquam
585 2020 678 2066 verus
694 2001 820 2082 quidem
834 2001 934 2067 bonos
953 1999 1104 2081 existere,
1125 2002 1177 2068 nisi
1196 2021 1234 2067 ex
1252 2005 1374 2068 virtute

365 2107 429 2154 non
448 2085 578 2171 potest)
601 2083 653 2149 scd
674 2101 777 2150 tamen
798 2102 852 2150 aut
872 2083 1044 2164 bonorem,
1065 2105 1117 2150 aut
1139 2087 1231 2151 ctiam
1245 2086 1371 2156 inanem

365 2173 516 2256 quandam
558 2169 813 2235 &adumbratam
831 2171 957 2235 honoris
973 2169 1135 2252 imaginem
1153 2171 1241 2236 nullo
1256 2171 1375 2236 solidae

361 2257 491 2320 uirtutis
510 2218 715 2320 lineamento
735 2253 914 2332 subnixam,
936 2255 1076 2336 populari
1092 2271 1211 2319 tantum
1224 2275 1317 2336 aura,
1339 2256 1374 2324 dt
1400 2261 1402 2266 '

363 2340 448 2406 fallis
475 2340 637 2422 imperitae
649 2337 857 2404 multitudinis
875 2336 1065 2403 sermonibus
1084 2339 1269 2404 excitatam:
1289 2357 1373 2422 quoa

366 2443 406 2490 err
433 2424 490 2488 bac
510 2439 597 2505 parte
614 2421 806 2502 concursus,
829 2440 920 2502 quam
941 2440 978 2487 ex
1001 2422 1050 2486 illa
1066 2421 1263 2488 solitudinem
1283 2423 1373 2488 futu·

366 2527 431 2575 ram
454 2507 567 2593 putas?
597 2506 644 2573 lta
667 2523 776 2591 magna
796 2525 864 2589 pars
887 2506 1064 2571 mortalium
1093 2526 1218 2573 omnem
1242 2509 1371 2574 virtutis

363 2593 504 2659 frustum
523 2593 553 2657 in
571 2591 691 2658 honore
703 2589 836 2674 positum
849 2589 916 2656 csse
927 2590 1106 2656 arbitratur:
1128 2611 1231 2675 neque
1242 2611 1276 2655 ea
1290 2609 1372 2658 mer·

363 2677 443 2743 cede
465 2676 622 2755 detrabe,
652 2675 723 2741 satis
743 2693 882 2758 magnam
907 2674 1042 2739 caussam
1066 2674 1132 2739 esse
1163 2676 1278 2754 ducit,
1314 2695 1374 2742 cor

363 2761 500 2846 asperam
518 2759 621 2835 illam,
647 2761 677 2827 dt
697 2759 803 2825 multis
817 2758 1005 2826 obllruslam
1022 2759 1258 2827 difficultatibus
1272 2762 1372 2827 virtu·

268 2864 286 2879 '¹
362 2848 408 2912 tis
431 2850 512 2909 riam
538 2840 699 2926 capessere
718 2844 842 2907 debeat.
886 2842 997 2926 Longe
1019 2844 1126 2922 aliter,
1148 2847 1192 2910 ait
1210 2846 1273 2910 boe
1295 2846 1373 2912 loco

365 2926 569 3003 Aristoteles,
599 2926 638 2991 ab
663 2926 843 2991 hominibus
863 2924 998 3009 eleganti
1017 2929 1162 3010 praeditis
1176 2930 1301 3013 ingenio
1317 2929 1373 2997 fie-

366 3014 393 3081 ti
405 3034 413 3078 ε
433 3010 486 3085 qui
511 3011 662 3075 honorem
684 3009 728 3075 ob
751 3010 781 3074 id
804 3028 898 3073 unum
915 3027 1084 3095 expetunt,
1105 3030 1141 3077 ut
1160 3014 1281 3079 uirtutis
1300 3012 1373 3081 suae

368 3093 560 3163 conscientia
581 3095 717 3173 certius,
746 3092 988 3177 &exploratius
1010 3093 1071 3160 frui
1098 3097 1233 3179 possint.
1263 3114 1370 3165 amant

365 3182 450 3248 enim
475 3180 589 3245 eaimie
608 3176 782 3255 virtutem,
811 3178 840 3242 dt
861 3176 901 3240 ad
924 3197 991 3244 eam
1016 3182 1102 3246 omni
1131 3180 1231 3246 studio
1254 3183 1375 3249 incum·

367 3267 468 3344 bunt,
488 3264 654 3345 omniaque
674 3258 779 3325 sedulo
798 3258 939 3342 faciunt,
967 3278 1001 3328 ut
1018 3282 1084 3329 eam
1101 3263 1155 3330 sibi
1172 3268 1372 3350 comparent:

363 3366 473 3431 neque
491 3349 655 3433 quicquam
679 3344 793 3411 babent
807 3345 982 3426 antiquius,
1005 3367 1095 3423 quam
1118 3367 1153 3414 ut
1168 3352 1206 3416 ad
1221 3371 1288 3417 eam
1301 3370 1373 3435 per·

369 3434 517 3499 ueniant.
539 3447 712 3512 quanquam
730 3446 832 3495 autem
852 3429 904 3495 sbi
917 3430 1033 3497 conscii
1050 3434 1137 3511 sont,
1160 3437 1278 3501 ienilril
1293 3454 1370 3502 con·

367 3518 453 3585 sulto
469 3515 733 3599 praetermittere,
753 3514 837 3594 quod
848 3514 893 3577 ad
910 3534 976 3581 eam
990 3518 1205 3601 acquirendam
1216 3522 1372 3603 pertinere

369 3602 535 3667 videnturt
558 3596 676 3680 semper
693 3614 795 3662 tamen
816 3598 961 3665 diffidunt
984 3604 1038 3665 luo
1057 3603 1096 3667 de
1111 3603 1221 3686 seipsis
1234 3604 1392 3684 iudiciot,

368 3703 474 3769 neque
493 3701 628 3766 unquam
649 3679 719 3748 satis
738 3701 796 3765 pro
814 3698 904 3747 certo
919 3684 973 3749 sibi
987 3682 1167 3767 persuadere
1182 3689 1316 3769 audent,
1339 3686 1375 3754 se

364 3770 452 3837 illud
469 3768 612 3845 mium,
633 3769 718 3851 quod
738 3782 902 3850 tantopere
919 3786 1046 3851 optant,
1067 3769 1266 3845 consecutos.
1305 3772 1374 3839 Sci-

370 3871 429 3921 unt
453 3853 534 3919 enirn
553 3871 610 3934 pro
626 3852 764 3933 ingenito
782 3853 927 3917 erunibus
943 3853 1130 3934 arnore'sui,
1151 3856 1246 3925 facile
1260 3874 1373 3939 quem*

396 3957 437 4004 ue
456 3956 474 4001 a
489 3934 595 4019 seipso
611 3936 732 4019 decipi,
752 3935 870 4000 nullum
891 3937 930 4000 de
946 3935 977 4000 se
992 3938 1147 4020 judicare,
1169 3959 1203 4005 ut
1216 3941 1288 4005 alibi
1301 3940 1370 4007 llri·

370 3956 502 4091 floreles
512 4020 670 4103 loquitur,
693 4019 829 4091 ilium:
851 4020 1114 4089 itaesseomnesa
1128 4043 1234 4090 natura
1247 4020 1372 4107 salios,

369 4109 496 4183 alieno,
529 4103 615 4186 quod
639 4104 679 4167 ait
699 4103 867 4183 Comicus,
888 4106 1043 4172 utiliusne
1070 4110 1212 4185 uideant,
1236 4111 1273 4182 s?
1291 4109 1374 4189 iudi·¹

370 4203 459 4267 terit,
477 4208 563 4272 quam
574 4186 643 4269 ‚saa
668 4188 765 4271 Saepe
777 4187 871 4271 igitur
886 4189 926 4253 ita
937 4188 1040 4258 secum
1056 4193 1245 4274 loquuntur:
1263 4193 1372 4285 Quid,

371 4272 395 4345 si
412 4270 590 4359 nimie-ipse
607 4272 684 4346 milti
705 4272 889 4359 placem&
904 4292 982 4345 vana
996 4294 1047 4345 me
1065 4276 1191 4347 virtutis
1202 4297 1290 4345 mete
1304 4276 1385 4373 opi-¹

1313 4378 1385 4443 ¹1¹0?

959 4502 970 4539 1
