3475 5550
340 632 412 722 636.
537 596 1166 716 mosomense

350 775 530 851 omnino&
549 771 612 838 sne
634 766 697 834 ulla
713 763 914 847 exceptione.
952 760 988 829 id
1010 778 1114 829 autem
1138 756 1207 850 ipso
1223 752 1383 832 orationis

383 883 469 934 merc
491 857 558 925 fieri
578 867 730 940 oportet,
758 867 823 916 non
845 848 889 912 ob
916 847 1154 933 praejudicatam
1176 847 1219 914 dc
1243 847 1383 913 dicentia

353 950 481 1049 ingenio
502 961 540 1010 ac
563 938 704 1004 moribus
723 933 918 1019 opinionem.
961 931 1080 1017 Neque
1092 935 1175 1001 enim
1194 931 1324 1006 ituest,
1349 945 1384 995 ue

358 1035 482 1187 gitium
509 1032 542 1094 in
566 1024 652 1091 libris
673 1023 713 1087 de
733 1036 802 1084 arte
819 1014 1010 1100 posuerunt,
1030 1016 1084 1101 qui
1101 1019 1144 1086 ita
1160 1017 1202 1082 de
1222 1016 1385 1100 probitate

385 1114 498 1185 rcentis
520 1109 618 1178 locuti
641 1105 729 1185 sunt,
751 1121 787 1167 ut
802 1104 843 1166 de
857 1119 893 1165 re
907 1118 989 1184 quae
1000 1099 1077 1167 nilril
1095 1089 1245 1169 conserat
1264 1100 1307 1167 ad
1320 1117 1386 1182 per·

361 1197 564 1276 suadendum.
590 1191 696 1274 imno
712 1205 793 1284 vcrq
804 1184 882 1251 nihil
897 1183 965 1251 fere
979 1182 1023 1250 cst
1038 1185 1075 1249 ad
1094 1185 1275 1251 faciendam
1294 1183 1390 1252 fidem

362 1286 527 1377 potentius
553 1294 648 1361 atque
672 1273 831 1339 eliicncrua
846 1312 859 1348 ,
888 1287 980 1355 quam
1008 1285 1111 1342 mores
1138 1269 1293 1336 dicentia.
1341 1265 1390 1335 Ex

366 1371 503 1462 persona
523 1379 626 1428 nutem
654 1357 852 1432 auditorum,
874 1373 946 1421 curn
968 1352 1173 1421 plorationi·
1194 1356 1233 1420 ad
1250 1353 1388 1437 aliquem

368 1454 463 1524 animi
483 1463 604 1514 motum
623 1440 741 1528 impulsi
768 1437 900 1507 fuerint.
943 1434 1060 1521 Neque
1074 1442 1159 1506 enirn
1184 1438 1333 1506 smiliter
1350 1437 1394 1519 iu·

374 1543 514 1608 dicamus
532 1529 656 1609 tristes,
672 1533 701 1592 oi
720 1525 811 1605 laeti,
832 1540 886 1589 aut
899 1521 1033 1600 cumdili
1058 1525 1136 1592 'mut
1184 1525 1217 1590 lit
1237 1539 1315 1588 cum
1331 1521 1395 1587 odi·

372 1621 454 1712 rrius.
531 1635 600 1706 uam
617 1629 707 1708 unam
730 1609 767 1675 ad
786 1619 851 1705 rem
868 1619 965 1674 omne
988 1542 1119 1676 ungium
1140 1571 1231 1674 litum
1247 1604 1397 1673 corserre

372 1701 507 1777 diiimus
545 1700 612 1782 ujus
629 1713 703 1762 arus
720 1690 889 1777 magistros.
935 1691 995 1758 Sed
1012 1693 1102 1774 huj-ua
1118 1692 1247 1778 quidem
1267 1692 1315 1757 rei
1334 1705 1405 1758 tota.

373 1794 455 1861 ratio
475 1783 648 1873 fingillatlm
671 1797 687 1843 a
714 1778 807 1844 nobis
836 1773 1063 1860 explicabitur,
1093 1796 1165 1843 cum
1194 1776 1237 1843 de
1257 1775 1396 1844 motibus

375 1881 550 1946 animorum
576 1863 773 1933 disseremus.
813 1861 968 1926 Oratione
985 1875 1090 1926 autern
1106 1859 1171 1946 ipsa
1184 1861 1318 1930 aduncis
1335 1879 1398 1928 cre·

376 1955 479 2037 dunt,
505 1949 670 2042 siquando
695 1943 922 2014 ostenderimus
941 1962 980 2010 ex
1004 1945 1041 2011 iis
1066 1948 1198 2029 quaein
1220 1964 1396 2032 quoquere

376 2039 482 2118 insunt
499 2055 572 2122 apte
586 2037 624 2101 ad
643 2029 912 2121 persuadendum,
933 2027 964 2093 id
981 2029 1067 2111 quod
1082 2031 1217 2113 pmbate
1232 2031 1398 2113 volutum,

378 2125 432 2199 alit
445 2143 555 2192 verum
573 2119 660 2200 esse,
684 2133 737 2181 aut
761 2114 860 2211 videri
912 2111 993 2190 Cum
1010 2117 1066 2182 not
1083 2116 1177 2267 iRitur
1191 2114 1274 2183 haec
1286 2116 1346 2182 tria
1358 2116 1399 2184 in·

378 2211 549 2285 strumenta
567 2204 730 2271 faciendae
744 2199 835 2278 fidei,
856 2195 1084 2282 perspicuisne
1120 2249 1130 2274 ,
1150 2202 1230 2268 llaec
1248 2201 1309 2266 tria
1322 2220 1397 2269 con.

380 2297 491 2380 sequi,
513 2292 579 2372 ejus
600 2281 669 2372 ease
707 2285 760 2368 qui
784 2281 1011 2369 &syllogismo
1028 2282 1162 2351 scienter
1180 2305 1220 2352 ac
1235 2287 1342 2371 perite
1357 2283 1399 2351 uti

380 2393 497 2468 queat,
519 2379 549 2440 ά
571 2333 737 2457 patrissare
757 2384 795 2465 ea
819 2384 899 2450 quae
915 2367 955 2432 ad
975 2387 1131 2435 moresne
1151 2369 1293 2437 virtutes
1311 2369 1399 2456 perti·

380 2479 459 2537 nent
466 2509 479 2545 ,
505 2461 536 2527 ot
548 2505 559 2540 ‚
585 2455 671 2544 quod
691 2469 818 2550 tertium
839 2448 902 2532 est,
930 2469 967 2518 ea
987 2471 1067 2536 quae
1083 2453 1122 2520 nd
1138 2456 1319 2522 animorum
1336 2471 1399 2539 pc.

380 2551 559 2621 motiones:
590 2558 657 2608 tum
707 2537 760 2602 uid
780 2553 884 2602 earum
910 2555 1053 2622 quaeque
1075 2536 1129 2619 iit,
1156 2539 1383 2622 &cujusmodi

382 2653 451 2705 tum
472 2629 585 2716 quibus
600 2627 640 2691 ek
661 2639 696 2720 re
721 2641 756 2686 ua
769 2621 800 2685 ἃ
817 2620 981 2705 quomodo
997 2623 1165 2689 excitetur.
1198 2623 1310 2692 'Unde
1328 2583 1399 2691 illuri

383 2718 541 2792 eflicitur,
563 2712 753 2791 rhetoricam
773 2701 839 2770 esse
852 2705 933 2792 quasi
950 2708 1149 2793 propaginem
1166 2710 1327 2795 quandam
1341 2709 1401 2778 dia·

383 2803 530 2876 rellicta,
554 2793 675 2876 orejm
697 2807 781 2888 quae
793 2789 834 2855 de
855 2791 994 2858 moribus
1009 2792 1151 2875 disserit,
1175 2813 1270 2880 quum
1295 2792 1353 2862 suo
1366 2804 1400 2861 ae

420 2875 979 3053 illillsllilllli‘ullill
1001 2877 1130 3031 itti
1153 2878 1402 3048 silure

387 2980 475 3130 iisset
506 3050 540 3118 se
564 3043 789 3134 pro‘politicla
815 3045 979 3119 venditare
1004 3063 1175 3124 conantur,
1207 2980 1402 3135 purttpniopa

388 3134 623 3229 ignotantianr·,·
643 3125 758 3229 partim
785 3145 842 3210 per
865 3132 1091 3229 arrogantiam,
1120 3133 1233 3217 partim
1262 3133 1339 3201 alim
1364 3132 1404 3199 ob

392 3220 532 3302 morsus,
555 3216 669 3305 quilius
686 3211 844 3279 interdum
861 3207 1022 3283 hommum
1041 3215 1134 3283 animi
1153 3219 1280 3285 moveri
1299 3217 1408 3286 soleat.

389 3309 447 3381 Eli
467 3307 549 3374 enim
573 3297 900 3395 particulatquaedam
926 3298 956 3363 ά
981 3300 1176 3368 simulacrum
1206 3302 1405 3379 dialedices,

390 3411 428 3462 ut
451 3384 657 3473 &principio
679 3382 825 3449 diximus.
864 3380 987 3450 Neutra
1001 3386 1083 3453 enim
1099 3406 1203 3454 earum
1223 3382 1408 3457 scientiaesl

254 3500 259 3513 ’
392 3478 544 3547 decerto
565 3470 671 3554 aliquo
693 3482 731 3533 ec
754 3465 888 3537 definito
906 3486 1037 3554 genere,
1060 3490 1141 3556 quae
1161 3472 1219 3540 lrnt
1238 3473 1330 3563 illius¹
1340 3468 1420 3539 affe·

394 3552 536 3630 liloncs:
567 3554 622 3620 sed
644 3548 813 3651 facultates
829 3553 987 3637 'quaedam
1009 3554 1079 3622 sunt
1101 3559 1259 3625 rationum
1284 3552 1411 3643 compa·

392 3647 567 3716 modorum.
612 3636 667 3704 De
686 3655 717 3703 vr
737 3651 833 3721 igitur
851 3639 883 3704 ot
897 3656 1006 3707 natura
1025 3639 1179 3725 ipsarum,
1200 3640 1414 3727 &quomodo

394 3735 478 3811 inter
490 3724 523 3793 se
540 3721 673 3791 affectae
694 3720 776 3803 fint,
797 3717 866 3786 sete
884 3740 1033 3806 quantum
1056 3725 1127 3791 satia
1146 3724 1206 3808 est,
1225 3726 1378 3795 diximus.

436 3834 467 3883 c.
485 3829 532 3877 vr.
560 3804 681 3877 Eomm
704 3819 810 3870 nutem
834 3807 948 3890 quibus
970 3828 1010 3873 co
1033 3809 1111 3877 fides
1134 3809 1190 3889 fit,
1211 3811 1301 3895 quod
1321 3811 1347 3878 is
1364 3808 1414 3896 qui

397 3899 497 3983 elicit,
512 3908 566 3959 ont
582 3888 775 3984 demonsiret
790 3903 844 3953 aut
864 3891 1075 3960 demonstrare
1091 3894 1256 3973 videatur,
1280 3912 1318 3962 ut
1338 3897 1368 3961 ot
1386 3895 1416 3963 io

340 4040 344 4047 .
397 3979 582 4067 analyticis,
609 3975 692 4042 aliud
709 3971 833 4056 quidem
854 3973 996 4041 indutiio
1016 3977 1081 4055 est,
1102 3979 1184 4045 aliud
1205 3976 1417 4068 syllogismus.

400 4062 498 4153 isoco
513 4062 595 4128 enim
612 4058 813 4151 etuhyuema
851 4058 973 4142 uidem,
992 4061 1207 4149 syllogismum
1222 4066 1417 4135 oratorium:

396 4074 977 4307 sommi
992 4148 1354 4323 utrumme
1369 4167 1421 4215 ω·

477 4308 482 4322 ,
549 4308 563 4337 ·.
614 4326 618 4335 Ι
950 4320 953 4327 ,
987 4277 1002 4315 a
1221 4252 1317 4323 ΙΡῙΟ
1333 4252 1420 4311 ,Μ’

1357 4334 1422 4400 ῑθι
