3475 5550
440 707 508 783 234
645 681 949 787 unfus-'M
986 703 1011 753 u
1051 699 1137 755 Η
1175 678 1198 753 ὑ
1237 699 1284 755 i=

443 849 531 916 leant
545 839 649 912 tanen
664 842 781 928 aliquid
798 840 895 908 verba
907 843 985 932 Cyri
996 842 1157 914 morientis
1170 844 1253 927 apud
1266 843 1467 928 Xenophon»

444 948 533 1010 tem,
554 937 584 996 dt
603 929 720 997 similia.
744 924 931 1014 justinianus
948 929 1009 1010 ait,
1031 945 1098 994 eam
1119 931 1299 1009 mulierem,
1320 945 1404 1012 quae
1418 925 1485 1014 sd·-

443 1015 561 1102 l'ceptis
582 1033 622 1082 ex
638 1015 742 1098 priore
762 1012 962 1077 matrimonio
978 1013 1101 1089 liberis,
1123 1015 1185 1080 dte.
1225 1013 1311 1097 Ergo
1321 1013 1463 1095 judicat,

443 1099 566 1168 sarsum
584 1098 710 1181 ejusrei
730 1096 928 1162 admaritum
948 1099 1123 1181 pervenire.
1171 1094 1419 1163 Atrlrtstotelet
1497 1083 1502 1108 ¹

446 1185 507 1253 a&
523 1188 635 1264 ψικῑς,
662 1181 872 1259 memoriam,
893 1199 1057 1264 canorem,
1079 1181 1207 1261 odium,
1225 1175 1385 1248 dffimilia
1500 1195 1504 1234 ¹

444 1270 504 1336 mit
518 1268 668 1333 animisa
689 1281 825 1348 corpore
848 1263 1005 1350 separatis.
1044 1267 1106 1334 Sed
1129 1267 1172 1332 ibi
1186 1265 1464 1350 loquiturpmae.
1503 1315 1504 1324 ,

442 1355 475 1420 in
501 1350 549 1418 lris
569 1367 673 1416 autem
699 1350 785 1416 libris
809 1348 951 1432 sequitur
973 1349 1005 1416 id
1028 1353 1115 1438 quod
1140 1352 1180 1417 ab
1200 1347 1466 1417 omnibuscredl·

444 1454 520 1505 tur:
545 1436 717 1520 quodque,
742 1434 882 1514 etiamst,
903 1452 960 1500 cur
981 1437 1024 1501 ita
1044 1435 1101 1517 sat,
1119 1434 1240 1502 ostendi
1259 1451 1323 1501 non
1340 1441 1461 1520 queat',
1501 1507 1503 1512 ,

444 1520 605 1589 mordicus
626 1525 730 1588 t'tunen
749 1517 919 1583 tenendum
940 1517 998 1586 est.
1024 1521 1104 1600 Sed,
1118 1521 1155 1586 iis
1176 1518 1313 1600 omisis,
1334 1533 1465 1604 quaerat

444 1625 540 1686 mut,
567 1605 642 1688 quid
668 1601 848 1671 Christianis
867 1603 1038 1670 tenendum
1063 1603 1110 1671 srt.
1155 1603 1196 1669 lit
1218 1604 1258 1668 de
1279 1604 1379 1670 beatis
1393 1601 1465 1688 qul·

445 1692 543 1770 dem,
563 1688 725 1763 existimo,
741 1706 799 1751 eos
812 1687 922 1752 vic'ere
941 1705 977 1752 ea
988 1705 1100 1771 quaea
1118 1688 1208 1755 nobis
1225 1687 1330 1755 fiunt:.
1344 1689 1465 1773 &gw-

446 1779 523 1845 dere
540 1791 613 1839 eum
638 1771 712 1856 quid
734 1771 865 1837 anobis
885 1771 966 1838 bene
983 1772 1033 1839 fit.
1072 1772 1156 1839 Nam
1179 1790 1252 1837 cum
1270 1771 1400 1839 videant
1414 1769 1463 1836 vl-

449 1863 578 1927 dentem
610 1857 736 1936 omnia,
762 1856 793 1920 in
813 1873 853 1920 eo
876 1856 984 1922 vident
1008 1858 1124 1924 omnia.
1163 1854 1311 1922 Gaudent
1335 1871 1464 1936 autem.

447 1946 532 2013 bene
552 1942 714 2026 agentibus
731 1940 844 2005 nobis:
866 1942 939 2022 quia
953 1942 1063 2016 caritas
1082 1943 1113 2008 in
1131 1940 1175 2006 eie
1192 1959 1348 2021 nunquam
1361 1939 1465 2006 extin-

446 2028 564 2116 guitur.
601 2026 645 2093 Et
663 2044 735 2089 cum
752 2024 879 2104 adsidue
891 2043 1001 2107 preces
1018 2044 1075 2108 pro
1092 2026 1184 2092 nobis
1200 2023 1351 2107 fundant,
1375 2026 1464 2111 igno·

445 2131 516 2184 rare
536 2128 599 2177 non
614 2107 769 2195 possunt‚·
782 2110 946 2192 quomodo
963 2108 1125 2178 nobiscum
1145 2125 1264 2194 agatur.
1306 2113 1349 2175 Et
1362 2127 1462 2194 quan·

447 2215 543 2283 quam
558 2196 596 2260 ad
612 2193 746 2279 ipsorum
765 2191 974 2276 felicitatem,
992 2213 1073 2280 quae
1091 2198 1177 2282 omni
1194 2214 1234 2260 ex
1250 2211 1339 2278 parte
1351 2207 1465 2262 cumuis

447 2286 510 2351 lata
540 2276 602 2358 est,
631 2278 706 2344 nihil
729 2277 817 2358 adjici
844 2277 972 2361 potest,
1008 2280 1132 2345 additur
1154 2294 1257 2345 tamen
1285 2277 1403 2365 aliquid
1422 2273 1463 2344 ad

472 2365 600 2444 loriam,
621 2382 692 2429 cum
708 2361 832 2428 anobis
848 2363 950 2428 lronos
964 2362 1024 2428 illis
1040 2363 1222 2429 exhibetur:
1237 2365 1466 2448 cumquenot,

448 2388 575 2522 filorum
599 2448 745 2532 exemplo
764 2448 905 2526 incitati,
927 2465 982 2530 per
995 2448 1132 2530 ipsorum
1151 2447 1277 2531 vestigia
1293 2449 1462 2534 gradimur.

451 2537 536 2607 Nam
557 2532 714 2617 &Angeli
728 2532 882 2617 gaudent,
903 2549 974 2597 cum
988 2534 1057 2617 quis
1074 2551 1090 2596 a
1109 2534 1301 2617 turpitudine
1313 2533 1465 2598 vitiorum

450 2624 492 2688 ad
515 2618 677 2684 meliorem
701 2619 787 2682 vitae
807 2617 889 2682 viam
909 2617 1003 2683 redit.
1041 2615 1157 2703 Neque
1174 2634 1278 2682 tamen
1294 2618 1465 2702 quicquam

449 2702 623 2775 detrahitur
642 2702 683 2767 de
703 2701 828 2768 illorum
854 2701 1109 2791 beatitudinem
1137 2700 1226 2767 secus
1252 2703 1389 2768 eveniat.
1431 2697 1464 2768 Sl

449 2792 522 2876 quis
535 2790 617 2853 enim
634 2787 770 2885 ipsorum
791 2787 915 2852 videret
931 2806 1057 2853 omnem
1069 2785 1191 2871 stirpem
1208 2786 1291 2853 suam
1301 2786 1386 2871 justo
1400 2784 1466 2853 Dei

450 2874 569 2963 judicio
589 2872 629 2937 ad
649 2871 767 2938 inferos
790 2870 934 2949 detrudi,
955 2889 996 2937 ne
1013 2873 1166 2939 tantulum
1188 2871 1313 2958 quidem
1337 2872 1380 2937 ob
1396 2888 1466 2937 eam

447 2978 516 3029 rem
543 2974 716 3040 angeretur.
762 2956 841 3021 Sunt
861 2956 945 3021 enim
965 2954 1068 3020 effet'ti
1089 2975 1183 3023 unum
1205 2975 1278 3022 cum
1304 2954 1401 3035 Deo,
1422 2956 1466 3023 itt

452 3060 490 3110 ut
505 3040 653 3107 voluntas
674 3036 810 3122 ipsorum
832 3056 850 3101 a
872 3037 934 3103 Dei
949 3039 1116 3106 voluntate
1131 3041 1220 3107 nullo
1236 3041 1334 3109 modo
1347 3040 1466 3107 discre-

451 3121 1488 3300 llllllfi‘aessfflldlllffllmlllilqsslrslllsslsslll-

451 3295 554 3384 pliciis
577 3255 689 3359 e'dditti
715 3288 805 3368 sunt,
826 3227 1065 3358 caritateggnni
1086 3255 1206 3360 curent.
1252 3292 1363 3379 Itaque
1382 3228 1467 3361 bonpe

450 3383 550 3449 aliena
579 3376 656 3443 nilril
679 3374 719 3441 de
746 3375 881 3459 ipsorum
909 3373 1097 3443 infelicitate
1121 3378 1297 3444 detrahunt.
1339 3379 1369 3443 Si
1398 3378 1470 3463 quis

455 3482 560 3532 tamen
583 3459 720 3545 ipsorum
736 3459 883 3543 exemplo
896 3461 1065 3541 addamus,
1085 3479 1138 3526 aut
1162 3480 1269 3528 corum
1286 3464 1380 3547 eulpa
1397 3472 1469 3527 cors

452 3563 583 3631 ruptus,
604 3532 733 3611 iridem
752 3546 883 3610 exitium
898 3548 1108 3630 pertrahatur:
1131 3547 1245 3612 crescit
1263 3566 1371 3615 eorum
1388 3544 1470 3614 infer

451 3635 573 3703 licitas:
592 3631 624 3696 dt
642 3628 705 3695 noc
720 3627 861 3713 estquod
876 3630 1035 3696 dives-ille
1050 3632 1078 3695 in
1092 3624 1185 3697 Euan
1208 3632 1291 3709 ello,
1314 3633 1375 3697 dte.
1394 3632 1471 3699 oea·

347 3788 352 3803 ,
456 3719 498 3787 tis
521 3714 636 3799 aliquid
661 3712 812 3779 accedere
827 3714 931 3811 potest
951 3715 989 3781 ad
1012 3716 1154 3801 gloriam.
1229 3734 1248 3780 e
1275 3716 1471 3783 beatitudine

454 3801 592 3889 ipsorum
614 3797 691 3864 nihil
715 3797 835 3864 detraln
853 3798 967 3882 potest.
1024 3799 1185 3865 Damnatis
1210 3801 1285 3865 nihil
1314 3800 1471 3873 decedet*

457 3881 563 3977 potest
577 3882 616 3947 de
630 3882 759 3948 miseria.
800 3883 848 3948 rid
862 3900 994 3963 poenam
1010 3884 1146 3949 accessio
1158 3885 1260 3970 aliqua
1272 3884 1340 3954 ficri
1353 3882 1472 3971 potest.

454 3969 577 4041 omnia
590 3964 725 4049 subjecta
741 3964 800 4033 sint
811 3967 931 4047 judicio
951 3967 1116 4033 Ecclesiae.

499 4074 532 4124 c.
550 4069 612 4119 xu.
639 4054 817 4135 aiamim
837 4051 865 4112 d
886 4050 1011 4137 τίω]
1028 4052 1092 4121 Etsi
1120 4051 1282 4136 quaestio,
1313 4071 1396 4203 puae
1417 4050 1471 4123 hie

456 4138 625 4215 tractatur,
654 4132 782 4200 nonest
802 4135 904 4217 magni
928 4142 1081 4219 momenti
1109 4137 1177 4219 (de
1197 4140 1318 4204 vocabu
1334 4140 1359 4204 is
1385 4140 1470 4207 enim

456 4225 585 4313 potius,
634 4234 703 4282 uam
724 4218 896 4297 derebus,
924 4218 1062 4285 instituta
1083 4220 1151 4303 est)
1172 4241 1234 4288 non
1253 4242 1340 4288 caret
1365 4239 1471 4292 tamen

325 4324 329 4331 ·
458 4304 621 4399 aliqualob
675 4302 1212 4395 nutet.·opusqueastpersptceci,
1230 4306 1371 4379 &acuto
1385 4308 1474 4463 inffl
