3475 5550
340 593 415 698 ‚hid
527 581 730 676 ,ΜΗ-Λ.
805 597 849 667 Μ
887 617 973 674 ort
1014 618 1036 668 a
1075 615 1156 668 ar

354 761 389 834 in
408 758 588 830 mandandis
607 758 744 843 imperiis
766 753 889 824 formae
913 757 1095 844 dignitatem
1120 753 1225 840 sequi.
1248 752 1279 822 dc
1303 752 1370 826 alio
1426 789 1428 826 r

343 847 506 930 .iocoait,
526 843 617 927 iqui
636 861 675 920 ex
694 843 871 910 hominibus
890 843 1099 926 reperirentur
1112 861 1146 908 ea
1161 839 1284 906 formae
1300 839 1370 924 pul·

358 931 558 1008 chritudine,
579 945 660 1010 quae
680 928 711 998 in
733 929 863 993 deorum
887 927 1053 992 siriruiacris
1078 927 1234 998 cernitur,
1256 931 1370 990 omnes

346 1017 441 1096 'alios
459 1015 569 1098 sponte
583 1031 692 1078 eorum
709 1011 841 1095 imperio
856 1012 1020 1096 pariturus.
1062 1009 1188 1079 Possem
1206 1007 1369 1102 exiliato-¹
1408 1073 1414 1082 .

360 1119 420 1181 ne,
448 1095 682 1181 Xenophonte,
711 1099 796 1174 aliis,
822 1096 920 1174 multa¹
941 1095 1003 1162 huc
1018 1095 1205 1180 pertinentia
1226 1107 1368 1166 conme-

365 1201 508 1262 morare:¹
529 1180 582 1246 sed
602 1179 643 1246 ad
657 1181 716 1248 alia
733 1181 858 1266 potiora
868 1195 1014 1264 propero.
1058 1177 1243 1271 Quanquam
1259 1191 1367 1270 autem

360 1265 513 1342 Aristotel
568 1264 796 1350 interrogatus,
826 1282 893 1336 cur,
905 1263 1026 1348 pulchri
1041 1279 1224 1332 ,sanarentur
1244 1262 1283 1330 ab
1300 1277 1371 1332 oue

363 1355 474 1434 pilius,
500 1349 680 1434 repondit,
709 1367 777 1414 cam
803 1349 1078 1432 interrogationem
1102 1367 1165 1416 non
1191 1346 1246 1415 nili
1270 1363 1369 1414 caeco

363 1435 456 1516 alicui
472 1435 661 1512 convenire:
681 1433 782 1500 dicam
798 1449 900 1504 tamen
919 1452 1009 1518 quam
1024 1431 1165 1516 essceius
1176 1433 1219 1502 rei
1231 1429 1371 1502 cateseor

354 1537 485 1610 mutem.
528 1519 612 1592 Puto
633 1517 727 1602 igitur
752 1535 792 1584 eo
813 1517 908 1586 amari
930 1517 1096 1602 pulchros,
1122 1517 1209 1603 quod
1231 1515 1376 1584 hominen

366 1617 407 1673 err
434 1599 525 1678 vultu
540 1603 571 1669 dc
589 1595 696 1676 habitu
709 1603 851 1687 corporis
866 1603 906 1666 de
922 1603 1050 1687 ingenio
1059 1648 1074 1683 ,.
1090 1621 1127 1668 ac
1143 1601 1283 1668 moribus
1296 1619 1376 1670 con·

364 1689 515 1776 lelluram
539 1683 687 1754 faciunt.
719 1706 784 1754 non
807 1687 926 1768 iniuria.
967 1687 1100 1756 Formae
1119 1687 1202 1754 enim
1223 1685 1376 1756 decorent

234 1824 237 1835 .
363 1771 511 1856 naturalis
534 1771 684 1854 quaedam
704 1771 816 1855 ingenii
843 1771 969 1842 ironicas
991 1771 1376 1855 pierumquecomitatur‚

239 1861 249 1906 ’-
359 1859 424 1926 'nisi
447 1863 680 1938 corrumpatur,
702 1871 755 1919 aut
772 1875 867 1940 prava
881 1854 1087 1935 educatione,
1107 1872 1160 1922 aut
1174 1853 1377 1926 cornicine

360 1938 531 2018 ,consortio
545 1937 773 2022 improperem.
811 1937 923 2024 ltaque
939 1941 1020 2023 apud
1045 1939 1219 2012 Homerum
1237 1937 1377 2008 Achilles
1401 1993 1411 2020 ,

344 2026 511 2095 —0nrnium
529 2019 722 2088 Graecorum
739 2021 977 2090 formalissrmus
994 2023 1055 2103 est,
1075 2023 1221 2107 idemque
1234 2025 1376 2106 optimu

358 2129 409 2186 ac
432 2105 635 2184 fortissimus:
652 2122 826 2192 contraque
839 2105 1083 2188 ,Tirerlltem'ut
1102 2110 1243 2174 omnium
1256 2105 1380 2192 turpis-

357 2195 486 2271 dmus,
506 2193 549 2254 ita
568 2189 799 2274 ignavissimus,
812 2191 850 2260 dt
867 2191 986 2262 minimi
999 2194 1102 2277 pretii.
1142 2189 1380 2276 Nequerunen

382 2279 445 2348 hoc
465 2283 650 2361 perpetuum
670 2274 967 2356 csse,Alcilriudes‚
991 2279 1174 2346 &Socrates
1184 2277 1255 2342 l'atis
1265 2275 1383 2342 indica·

376 2377 461 2428 runt.
502 2359 564 2426 scd
581 2360 725 2430 abeamus
742 2360 782 2424 ab
799 2361 860 2426 lroc
879 2361 941 2428 leui
952 2409 963 2440 ,
984 2361 1015 2428 dc
1033 2361 1141 2440 fluxo,
1162 2359 1327 2446 &fragili,
1348 2361 1379 2428 it

374 2461 476 2534 prope
501 2442 652 2524 dixerim,
678 2445 845 2530 nugatorio
872 2443 978 2527 botro,
1006 2463 1101 2530 atque
1118 2445 1154 2513 ad
1173 2445 1233 2511 alia
1249 2443 1383 2514 tranien-

375 2551 457 2600 mus·
615 2599 618 2604 .

417 2615 478 2682 oi..
492 2611 638 2696 cpi-ilus]
659 2613 791 2696 capili..
813 2611 994 2684 Aristoteles
1011 2615 1040 2682 in
1055 2613 1251 2697 Rhetoricis,
1272 2611 1385 2682 definit

377 2697 526 2777 imprime
543 2699 677 2781 «epium.
699 2699 794 2764 tertio
808 2701 901 2785 polit.
922 2700 1018 2777 simii
1031 2699 1108 2779 ῥα.
1132 2699 1318 2784 explicatius
1331 2717 1385 2765 aa>

380 2798 447 2853 tem
472 2780 515 2845 lib
550 2800 583 2859 4.
609 2788 720 2863 signal„
740 2793 903 2866 ereum&
930 2787 1037 2867 ῥιτὶωῐ
1062 2802 1097 2850 ut
1123 2788 1245 2851 nobiles
1258 2804 1318 2869 pro
1340 2784 1387 2850 rie

381 2865 441 2933 lint
459 2863 502 2960 ii,
530 2880 664 2943 quorum
689 2866 821 2945 majoros
849 2870 946 2951 longo
968 2866 1076 2937 ordine
1096 2872 1215 2937 virtute
1232 2889 1268 2955 pr
1352 2886 1387 2935 n·

363 2964 451 3025 ¹tes,
469 2942 627 3027 iidemque
643 2964 791 3029 potentes
806 2967 902 3035 atque
916 2954 1058 3019 honorati
1074 2950 1203 3021 fuerint.
1244 2954 1286 3021 ll.
1306 2952 1388 3019 liam

382 3030 507 3181 auidam
530 3028 717 3099 censuerunt
743 3036 832 3099 nulio
851 3055 951 3119 prope
978 3036 1055 3103 loco.
1073 3037 1388 3105 acnumeroiraben·

405 3134 475 3179 am:
504 3108 582 3187 ΝοηΙ
598 3113 679 3179 enim
700 3118 825 3189 ouibus,
856 3120 965 3207 uisque
986 3138 1076 3189 natus
1091 3122 1193 3205 esstet,
1214 3121 1267 3189 sed
1288 3120 1390 3207 qualia

382 3198 450 3295 ipse
470 3194 577 3275 esset,
610 3198 793 3297 uidendum.
810 3262 815 3271 .
832 3138 950 3287 (itaque
976 3206 1121 3271 Socrates
1142 3209 1175 3275 in
1205 3207 1392 3274 Theaeteto

383 3299 446 3360 art,
470 3300 543 3360 eos,
564 3298 617 3376 qur
631 3282 824 3365 gloriarum,-
840 3288 928 3371 quoti
942 3286 1055 3369 septem
1071 3287 1212 3358 fortassis
1224 3310 1302 3357 avos
1318 3286 1391 3355 suos

372 3366 502 3447 jdivites
520 3382 681 3433 nominare
700 3370 837 3453 poslint,
861 3374 943 3439 ueris
966 3371 1156 3458 philosophis
1175 3374 1324 3443 ridiculos
1344 3390 1394 3439 aa·

386 3448 440 3527 ie,
463 3464 609 3547 tanquam
632 3451 689 3533 qui
709 3452 803 3551 longe
820 3454 962 3553 inspicere
981 3478 1044 3524 non
1061 3460 1201 3542 possint,
1227 3466 1258 3525 dc
1275 3458 1307 3525 in
1323 3476 1393 3525 om·

387 3551 462 3605 nem
484 3547 700 3621 antiquitatem
713 3553 846 3619 intueri,
866 3560 904 3606 ae
923 3542 1119 3620 ratiocinati,
1144 3562 1218 3609 curn
1230 3543 1396 3627 unusquis·

385 3634 450 3701 quc
469 3614 607 3693 nostrum
621 3618 860 3697 innumerabiles
869 3626 1001 3707 majores
1017 3626 1176 3707 habuerit,
1197 3629 1228 3695 in
1244 3627 1332 3710 cujus
1356 3640 1399 3691 ue

388 3700 522 3777 hominis
533 3716 648 3800 genere
662 3706 693 3771 ἀ
708 3726 816 3789 reges,
837 3708 867 3773 dr
885 3710 1061 3787 mendicos,
1084 3712 1262 3786 deliberes,
1288 3644 1354 3777 dr?
1387 3744 1399 3767 ·

387 3804 450 3852 vos
467 3782 584 3849 multos
599 3784 714 3869 fuisse,
735 3790 771 3853 πὶ
787 3790 868 3861 Μ’
887 3793 944 3873 ‚iiii
963 3791 1109 3875 iusim,
1129 3798 1191 3863 ἅς,
1214 3794 1307 3878 Apud
1319 3791 1400 3861 Ovi·

389 3870 476 3945 dium
493 3866 602 3935 Ulixes
615 3890 708 3969 negat
719 3890 896 3971 quenquam
912 3876 952 3941 de
966 3894 1080 3959 genere
1092 3880 1216 3963 gloriari
1233 3894 1399 3963 ‹sportere

387 3956 477 4022 Nem
502 3971 596 4033 genus
628 3954 683 4039 (m
708 3956 779 4041 uit)
803 3958 839 4029 ld
855 3962 1004 4043 preerat,
1035 3962 1071 4034 id
1097 3984 1172 4047 quae
1195 3962 1399 4043 eraserimus

384 4034 468 4117 -infi,
492 4036 559 4101 Vir
586 4056 621 4101 aa
648 3974 748 4123 noire
774 4060 851 4105 unco.
894 4041 1000 4109 illuit-a
1021 4046 1051 4113 in
1073 4049 1201 4115 eandem
1218 4046 1404 4113 seutentiam

389 4121 531 4203 Juvenal.
560 4120 623 4184 Sat.
649 4122 963 4203 ascensurumque
986 4129 1132 4207 faciunt,
1165 4135 1224 4197 dre.
1251 4134 1282 4198 σι
1369 4131 1405 4197 lo

388 4202 478 4303 illisit.
520 4202 599 4283 Τοῖς
623 4204 696 4285 {clar
713 4212 838 4287 cenius,
859 4226 1005 4293 exornent
1030 4216 1159 4315 undique
1182 4234 1269 4283 ceree
1284 4144 1410 4376 eff}
