3475 5550
526 686 1238 783 Rnnn:o:·nue.·³L·1n.⁴l.'
1313 703 1380 827 opit

345 854 783 949 aeagaturiniisorationibut,
798 856 1383 948 quaendostentationem'comparan·
1417 919 1420 925 .

364 968 439 1028 tur,
462 947 557 1011 tertio
574 959 679 1009 autem
689 935 776 1026 diuae
797 944 828 1008 in
851 944 977 1025 judiciis
1008 946 1124 1011 versari
1157 947 1288 1018 loleant.
1313 951 1393 1017 Pri·

349 1032 453 1100 'mum
477 1032 570 1115 igitur
592 1027 761 1093 videndum
783 1026 849 1106 est,
872 1030 967 1110 cujus
994 1035 1116 1112 gerrerle
1140 1033 1198 1099 srnt
1225 1052 1261 1101 ea
1295 1039 1379 1102 bona

350 1119 505 1195 ,malave,
534 1128 617 1197 quae
637 1114 691 1177 libi
708 1113 856 1195 proponit
872 1115 918 1193 is,
939 1113 996 1195 qul
1017 1116 1178 1183 conlilium
1200 1120 1278 1186 dat.
1312 1141 1377 1187 non

363 1197 449 1277 enim
473 1200 514 1267 de
536 1197 682 1266 omnibus
705 1196 911 1276 delineratur,
942 1195 994 1262 led
1013 1200 1054 1262 de
1075 1200 1112 1263 iis
1132 1216 1276 1283 tantum,
1298 1223 1379 1288 quae

352 1289 396 1357 ,dt
416 1284 503 1364 fieri,
524 1282 555 1351 ἂ
573 1300 637 1349 non
657 1282 723 1347 lieri
742 1279 884 1362 potsunt.
923 1280 1008 1345 Nam
1027 1283 1067 1346 de
1082 1286 1139 1364 iis,
1172 1303 1252 1370 quae
1267 1306 1376 1354 neces·

362 1372 448 1448 sario
471 1383 526 1433 aut
548 1365 637 1443 sunt,
663 1382 717 1431 aut
741 1381 853 1457 erunt,
884 1364 1058 1448 itidemque
1080 1368 1120 1434 de
1139 1371 1192 1455 iis,
1218 1389 1299 1456 quae
1323 1391 1380 1438 aue

366 1455 453 1535 etse,
482 1468 537 1521 aut
555 1452 683 1519 evenire
703 1450 896 1533 imposnnile
915 1450 979 1529 ell,
1007 1452 1193 1519 deliberatio
1208 1476 1271 1522 non
1293 1457 1374 1525 inlli-

358 1531 477 1606 ‘tuitun
519 1540 568 1601 Ac
590 1552 632 1600 ne
659 1536 699 1599 de
719 1533 756 1599 iis
780 1535 904 1619 quidem
926 1536 1072 1601 omnibus
1090 1555 1223 1626 quorum
1246 1559 1381 1611 eventu·

357 1615 507 1701 ¹incertus
525 1616 596 1702 est.
628 1619 710 1688 bona
730 1621 811 1685 enim
829 1618 978 1701 quaedam
999 1638 1161 1704 anatum,
1184 1627 1338 1709 quaedam
1362 1623 1381 1695 l

355 1702 497 1784 'furtum
517 1702 673 1789 pendent,
693 1720 801 1769 eorum
821 1720 901 1787 quae
921 1705 973 1769 vel
988 1708 1134 1788 evenire,
1155 1717 1207 1774 vel
1225 1730 1290 1777 non
1304 1730 1379 1777 eve·

367 1796 598 1876 nirepotlunt,
616 1785 657 1855 de
686 1787 799 1872 quibus
821 1788 992 1854 deliberare
1009 1791 1086 1857 nihil
1107 1791 1274 1875 profuerit.
1317 1798 1392 1864 lut·.

364 1896 423 1954 mo
438 1894 516 1959 vero
533 1871 726 1958 perspicuam
740 1876 806 1953 eli,
824 1889 860 1937 ea
876 1875 1042 1941 tantum-in
1058 1876 1315 1948 deliberationem
1328 1881 1379 1946 ad·

357 1960 462 2039 duci,
483 1976 564 2045 quae
583 1976 650 2026 eam
672 1971 812 2025 naturam
835 1957 978 2038 habent,
1008 1972 1043 2023 ut
1062 1962 1093 2027 iu
1117 1961 1303 2044 potestatem
1323 1986 1380 2032 no.

362 2045 455 2122 liram
468 2044 566 2128 redigi
584 2058 726 2130 queant,
749 2057 848 2126 utque
865 2041 1050 2126 principium
1078 2059 1167 2109 ortua
1190 2046 1326 2129 ipsorum
1347 2052 1379 2117 in

365 2128 469 2201 nostra
490 2127 646 2215 potestate
666 2125 715 2193 fit.
755 2126 942 2221 Quaerimus
963 2126 1045 2191 euim
1068 2146 1167 2212 usque
1189 2148 1258 2212 eo,
1284 2134 1381 2213 dum,

362 2215 521 2302 possibilia
543 2214 657 2291 nobis,
684 2228 723 2275 an
746 2208 1037 2293 impoalibilrasrnt,
1058 2215 1257 2297 reperiamus.
1299 2225 1376 2286 Om-

362 2301 417 2382 pla
439 2300 533 2384 igitur
557 2296 731 2381 singillatim
755 2310 902 2360 accurate
932 2295 1140 2378 percensere,
1181 2301 1213 2367 dt
1234 2303 1263 2368 in
1288 2320 1377 2370 certa

362 2404 476 2471 genera
491 2378 582 2448 distin
605 2398 704 2458 uere,
725 2378 891 2464 dequibus
910 2395 1002 2462 egere
1025 2380 1144 2447 solent:
1171 2400 1238 2451 tum
1258 2402 1377 2461 certo.

365 2487 404 2545 ac
430 2484 507 2537 vero
539 2401 670 2532 delinire
691 2478 842 2558 quantum
867 2462 909 2527 de
926 2464 970 2527 ee
992 2462 1056 2531 diti
1081 2466 1205 2549 potest,
1238 2489 1302 2536 non
1331 2471 1377 2538 est

361 2550 452 2635 liujus
467 2548 550 2634 loci,
571 2568 608 2616 ae
624 2564 793 2628 temporina
821 2560 888 2610 tum
915 2548 1001 2630 quod
1034 2565 1076 2613 ne
1108 2550 1284 2618 rhetoricae
1305 2557 1372 2639 qui·

368 2638 441 2701 dem
507 2636 625 2718 ‘eoput
637 2630 733 2711 illud,
752 2648 791 2695 nc
810 2646 922 2694 munus
943 2629 1005 2711 est,
1027 2630 1080 2698 sed
1094 2634 1133 2699 ad
1150 2634 1239 2701 aliarn
1250 2642 1375 2721 ,·cujut

359 2651 605 2811 *verioffiarum
624 2734 727 2783 rerum
748 2712 952 2811 intelligentie
967 2718 1092 2864 propria
1119 2716 1186 2803 est,
1219 2726 1377 2808 pertinet,
1446 2769 1448 2773 -

362 2824 432 2875 tum
452 2805 538 2889 qnod
571 2805 660 2888 plura
684 2802 746 2883 jam
772 2801 911 2865 anobis
934 2818 988 2884 ipr
1023 2802 1199 2872 rhetoricae
1223 2812 1375 2876 concessa

360 2889 436 2979 ‘sunt
459 2894 521 2971 ile,
550 2906 686 2973 quorum
707 2884 800 2983 iplius
823 2885 948 2981 proptia
971 2886 1175 2955 conluctatio
1193 2890 1248 2958 est.
1292 2894 1375 2964 Vere

362 2977 446 3047 enim
463 2976 556 3056 etiam
574 2975 605 3039 in
625 2971 833 3055 superioribus
842 2970 995 3052 diximus,
1026 2973 1204 3044 rhetoricen
1219 2980 1375 3062 compuli·

363 3075 428 3129 tam
440 3059 505 3136 esse
516 3078 553 3124 ex
565 3057 720 3152 analytica
734 3054 921 3133 scientia,dt
936 3072 973 3119 et
990 3059 1119 3140 politica
1134 3065 1257 3145 qnaead
1269 3062 1373 3132 motet*

359 3143 507 3223 refertur.
547 3142 662 3217 Similis
682 3158 786 3205 autem
808 3137 853 3203 est
874 3141 985 3222 partim
1013 3144 1139 3226 quidem
1167 3146 1374 3231 dialecticae,
1446 3157 1450 3167 '

357 3228 471 3314 partim
494 3228 737 3312 disputationum
766 3221 1009 3318 l'oplristicatum.
1069 3228 1275 3320 Quoautem
1303 3235 1375 3318 quia

361 3331 417 3385 aut
442 3309 642 3397 dialecticen,
656 3326 710 3376 aut
725 3309 805 3380 hanc
825 3308 920 3396 ipsam
939 3311 1035 3393 magis
1054 3329 1185 3379 conatur
1202 3314 1245 3380 ita
1264 3320 1378 3384 tratia-

358 3390 423 3484 re,
445 3414 570 3468 nonut
594 3395 786 3473 facultates,
814 3392 865 3457 sed
883 3408 919 3487 ut
939 3412 1019 3489 quae
1036 3414 1153 3467 certam
1172 3399 1301 3482 alicujus
1324 3405 1370 3472 rei

361 3481 521 3557 scientiam
538 3483 740 3557 contineant,
763 3496 803 3544 eo
818 3495 915 3562 magis
939 3481 1115 3561 imprudens
1136 3498 1275 3551 naturam
1294 3487 1371 3570 ipsa·

359 3585 430 3650 rum
450 3569 607 3652 extinguit
630 3585 668 3630 ac
687 3563 804 3642 delet,
824 3560 1062 3644 transferendo,
1101 3568 1142 3631 ita
1168 3587 1220 3633 eae
1243 3575 1374 3639 concin-

358 3669 458 3732 nans,
477 3671 515 3716 ac
530 3653 569 3732 si,
590 3670 656 3717 nnn
668 3648 798 3725 ⁴dicendi
816 3645 933 3727 modo,
956 3649 1006 3713 led
1023 3664 1175 3717 certarum
1197 3673 1298 3719 rerum
1313 3657 1371 3723 libi

357 3736 588 3823 propositarum
614 3736 790 3812 scientiam,
822 3732 1100 3815 &intelligentiam
1124 3739 1256 3802 trudant.
1299 3738 1372 3806 Noe

356 3838 464 3888 eutem
487 3839 567 3905 quae
587 3821 742 3902 explicare
766 3816 891 3902 quidem
914 3816 959 3881 est
987 3837 1100 3901 operae
1126 3823 1285 3904 pretium,
1315 3822 1368 3892 sed

358 3902 449 3971 suum
479 3922 580 3970 tamen
615 3905 764 3986 politicae
789 3903 896 3966 locum
924 3900 961 3969 au
996 3905 1250 3972 conliderandum
1276 3908 1370 3977 relin-

357 4003 480 4073 quunt,
501 4008 536 4055 en
552 4005 636 4062 nunc
651 3988 879 4069 persequemur.

396 4067 1369 4162 c.xrv.Suntauternquinqueferenumeromaxima,neptae·

350 4155 446 4250 cipua
471 4175 610 4236 eorum,
644 4174 725 4243 quae
751 4159 782 4221 in
808 4155 944 4220 confiliis
963 4158 1070 4238 agitari
1098 4154 1211 4225 solent.
1252 4162 1370 4246 Agitur
1443 4166 1447 4176 “

350 4241 434 4316 'enim
459 4242 499 4308 de
519 4240 603 4322 teeti
624 4242 723 4322 allone
745 4243 776 4307 dt
797 4236 949 4307 reditibus
965 4239 1115 4322 publicis,
1142 4243 1183 4307 de
1205 4243 1313 4328 bello,
1334 4249 1370 4317 dc·

344 4342 447 4418 peceg
465 4327 505 4395 de
516 4324 582 4394 eust
628 4327 684 4392 iar
726 4323 824 4405 ‘oum
844 4323 886 4388 de
909 4321 947 4392 iia
973 4341 1054 4406 quae
1073 4326 1303 4480 inmanem,
1333 4333 1367 4401 dt

345 4426 575 4513 exportentur,
593 4412 624 4495 de
642 4411 682 4491 de
713 4426 806 4498 egum
822 4404 1061 4565 wnstutffipne
1200 4413 1367 4583 murnai
1388 4501 1391 4509 ¹

609 4725 617 4773 l
