3475 5550
366 669 432 758 138·
577 664 630 733 tt.
711 662 752 730 A.
830 656 1170 732 Μυιιτι
1293 615 1306 626 .-

401 846 433 908 5.
454 826 583 892 Summo
611 837 717 887 autem
745 820 864 903 judicio
891 820 968 885 haec
995 819 1174 905 proposuit.
1209 819 1266 885 tria
1292 819 1376 888 ettlm

365 914 444 979 haec
461 911 499 975 ad
517 926 644 974 omnem
662 904 905 988 disputationem
921 907 1167 972 constituendam
1186 923 1374 972 concurrere

366 996 503 1090 neccsse·
517 993 595 1140 estd
613 1009 680 1057 tem
705 991 746 1054 de
766 1009 827 1074 qua
852 989 988 1071 dicitur,
1010 1009 1081 1056 cum
1098 990 1151 1076 qui
1166 990 1321 1075 disputat,
1342 991 1374 1059 dt

364 1104 436 1150 eum
475 1099 504 1145 ut
527 1098 564 1142 au
588 1092 621 1140 tt.

403 1175 435 1230 e.
451 1101 505 1231 (ἷκε
527 1160 674 1245 quoniam
700 1151 945 1240 investigandum
968 1157 1025 1226 sthi
1051 1158 1273 1242 proposuerat,
1323 1158 1373 1226 uid

365 1251 446 1315 esset
471 1249 615 1313 ultimum
635 1261 738 1308 rerum
763 1242 1028 1326 expetendarum,
1049 1244 1134 1326 ptius
1151 1243 1237 1310 osten
1342 1262 1378 1330 ut

363 1336 450 1407 fuit.
477 1336 508 1400 in
533 1333 576 1395 eis
595 1327 661 1394 esse
677 1327 791 1406 aquttid
807 1327 975 1393 ultimum.
996 1346 1066 1393 nam
1085 1327 1242 1411 quaestio,
1253 1327 1297 1394 fit
1311 1345 1378 1394 neu

362 1440 403 1487 ne
420 1439 487 1489 res.
510 1412 669 1499 praecedit
687 1430 775 1489 eam,
796 1429 878 1495 qua,
900 1413 974 1495 quid
989 1412 1051 1497 ipsa
1067 1412 1122 1491 stt,
1145 1417 1317 1498 quaeritur:
1337 1425 1373 1480 ut

363 1508 395 1570 in
414 1500 577 1572 analeticis
598 1498 751 1564 docetur.
770 1513 808 1560 ac
824 1496 880 1564 nili
899 1497 1015 1580 aliquid
1033 1495 1099 1565 esse
1116 1510 1170 1564 aut
1186 1507 1240 1581 pet
1253 1492 1286 1562 se
1298 1512 1376 1560 con·

365 1591 446 1666 liet,
466 1575 517 1651 aut
536 1582 711 1668 probetur,
735 1581 767 1645 in
782 1582 961 1663 quaerendo
980 1580 1056 1667 quid
1070 1581 1127 1662 fit,
1147 1582 1248 1648 omnis
1261 1576 1374 1646 frustra

364 1676 502 1741 sumatur
522 1668 621 1733 labor.

405 1777 436 1842 7.
458 1755 506 1820 lta
528 1753 622 1837 igitur
642 1748 739 1816 docet
763 1746 969 1830 Aristoteles,
992 1748 1059 1816 esse
1082 1747 1207 1836 aliquod
1223 1745 1374 1816 summum

366 1840 501 1910 hortinis
530 1838 661 1901 bonum.
710 1833 829 1901 Omnes
858 1852 960 1914 artes,
992 1834 1164 1915 scientiae,
1188 1832 1374 1913 facultates,

365 1924 470 1991 omnia
485 1921 639 2004 denique,
657 1936 738 2002 quie
747 1919 786 1984 ab
801 1918 979 1986 hominibus
989 1917 1214 2000 suscipiuntut‚
1229 1933 1373 2002 quaeque

365 2013 463 2090 lunt,
482 2007 521 2071 ad
532 2006 649 2070 bonum
663 2003 790 2086 aliquod
800 2003 994 2090 diriguntur,
1007 2001 1101 2090 idque
1118 2021 1261 2091 tanquam
1275 2002 1372 2070 finem

364 2097 420 2165 libi
440 2090 632 2178 propol'ttum
654 2085 803 2171 spectant.

405 2187 436 2246 8.
458 2177 539 2243 Fere
556 2189 661 2238 autem
682 2171 740 2250 fit,
763 2189 820 2249 ut,
842 2189 915 2238 cum
934 2172 1028 2240 finem
1051 2172 1185 2257 aliquem
1210 2168 1380 2240 consecuti

366 2264 489 2341 sumus,
510 2277 581 2324 eum
607 2251 706 2340 ipsum
728 2255 822 2324 finem
844 2253 1010 2340 dirigamus
1035 2258 1204 2338 udaium,
1224 2259 1377 2341 illumque

367 2348 468 2415 rursus
483 2345 521 2409 ad
539 2341 653 2414 alium,
675 2340 707 2405 dt
723 2339 767 2406 lic
785 2337 876 2406 deinc
917 2360 950 2420 s,
971 2343 1014 2406 ita
1031 2360 1067 2406 ut
1078 2340 1196 2412 aslidue
1209 2341 1378 2428 ptiotfinin

368 2429 449 2517 quafi
465 2427 576 2514 gradus
594 2422 718 2509 quidam
732 2424 770 2492 lit
786 2424 824 2489 ad
841 2440 884 2508 po
912 2424 1045 2492 eriotem
1060 2424 1299 2511 assequendum.
1321 2443 1378 2494 ex·

370 2513 463 2598 enipli
482 2511 599 2579 caussa.
638 2507 732 2574 Fodit
752 2508 863 2592 aliquia
889 2524 1024 2589 terram,
1054 2527 1090 2575 ut
1108 2507 1226 2578 fetrum
1252 2509 1376 2592 exejus

371 2597 543 2667 ril'ce'ribua
563 2609 661 2661 eruat.
685 2592 775 2674 hujus
800 2593 895 2678 igitur
916 2593 986 2660 fiais
1003 2592 1063 2674 est,
1084 2597 1218 2682 repetire
1233 2591 1379 2662 ferrumt

366 2681 420 2754 led
438 2681 556 2750 ferrum
575 2694 704 2764 quoque
724 2674 823 2760 ipsum
840 2696 902 2745 non
923 2678 978 2746 nili
1017 2693 1125 2762 topter
1139 2680 1274 2766 aliquem
1286 2675 1377 2746 usum

365 2769 542 2854 expetitur.
573 2783 648 2846 ergo
670 2778 793 2827 erutum
824 2762 957 2828 traditur
982 2696 1092 2845 gbto,
1124 2765 1178 2915 qui
1203 2763 1280 2832 illud
1302 2762 1355 2862 iffi

368 2856 495 2931 mollit,
522 2848 655 2930 imponit
679 2845 807 2919 incudi,
839 2848 953 2914 malleo
981 2848 1109 2928 tundit,
1149 2850 1243 2928 linat,
1267 2840 1378 2928 acuti,

366 2938 469 3006 donet:
484 2952 524 2999 ex
542 2952 583 2995 cu
599 2929 748 2997 conficiat
766 2930 905 3013 aliquid,
927 2931 1016 2998 verbi
1038 2932 1164 3014 caussa,
1185 2931 1378 3018 scalpellum,

367 3020 540 3101 Scalpellus
559 3015 650 3099 igitur
668 3015 720 3083 hic
739 3015 838 3079 totius
861 3015 943 3079 illius
967 3017 1140 3084 molitionis
1154 3032 1249 3102 atque
1261 3031 1379 3102 operae

366 3104 488 3173 moritis
511 3099 582 3168 linit
607 3096 659 3163 est.
701 3098 745 3163 At
768 3095 832 3183 ipse
854 3117 983 3182 quoque
1003 3100 1141 3167 refertur
1161 3101 1246 3183 alio,
1265 3116 1380 3186 nempe

373 3192 409 3257 ad
438 3178 525 3252 ulum
548 3182 685 3253 medici,
714 3182 766 3264 qui
793 3201 833 3247 co
855 3183 955 3247 utitur
977 3184 1016 3251 ad
1037 3185 1230 3254 incidendam
1250 3203 1377 3255 votam.

371 3270 504 3341 Rursum
518 3287 617 3334 venae
632 3265 729 3332 sellio
748 3265 810 3330 alio
821 3267 977 3350 pertinet,
996 3287 1111 3355 nempe
1126 3270 1165 3336 ad
1179 3268 1379 3356 sanguinem.

367 3374 420 3425 ntrt
443 3354 496 3438 qui
512 3351 681 3427 redundat,
703 3349 922 3430 minuendum,
943 3370 996 3418 aut
1036 3356 1065 3420 ui
1086 3352 1218 3424 vitiosus
1235 3353 1302 3436 est,
1324 3353 1381 3421 de·

364 3438 559 3509 ttultendum.
598 3435 759 3517 Sanguinis
778 3435 881 3502 missio
902 3436 941 3503 ad
960 3456 1028 3503 mot
1052 3458 1103 3505 um
1129 3455 1183 3509 aut
1201 3437 1383 3519 vitandum,

369 3541 423 3591 ant
447 3520 639 3593 tollendum,
659 3536 712 3582 aut
735 3518 915 3587 levandum.
953 3521 1065 3589 Morbi
1083 3523 1217 3605 vitatio,
1236 3522 1382 3605 levatio,

371 3606 528 3690 tit-pulsio,
549 3600 655 3667 estilla
673 3601 798 3684 quidem
813 3605 949 3703 optanda
966 3609 1058 3673 etiam
1073 3626 1128 3692 pet
1143 3605 1191 3674 set
1212 3603 1266 3677 sed
1275 3622 1381 3675 tamen

372 3712 412 3757 co
434 3704 561 3773 quoque
589 3683 744 3765 refertur,
771 3706 813 3752 ne
837 3690 1044 3773 impediantur
1066 3692 1215 3759 adiuuet.
1263 3691 1382 3769 Rursut

372 3775 512 3845 aulones
526 3771 608 3856 ipsae
625 3769 702 3835 aliae
718 3770 757 3836 ad
778 3771 902 3847 luerunt
917 3772 1115 3858 referuntur,
1136 3776 1214 3843 aliae
1231 3776 1270 3842 ad
1287 3774 1385 3861 gloti-

360 3874 442 3943 μιῇ,
462 3858 541 3922 aliae
559 3856 597 3920 ad
612 3853 824 3934 honestatem,
844 3858 922 3923 aliae
935 3859 973 3925 ad
992 3860 1210 3945 voluptatem,
1223 3858 1383 3929 aliaealiass

366 3950 441 4013 „llut
458 3942 551 4027 igitur
565 3937 685 4088 semper
700 3956 740 4005 ex
757 3940 823 4008 aliis
836 3940 951 4009 finibus
963 3943 995 4012 in
1011 3944 1090 4013 alios
1102 3961 1198 4030 etque
1214 3944 1293 4012 alios
1308 3962 1384 4030 pro·

373 4027 626 4111 pellendorum
658 4070 669 4102 ,
705 4038 764 4121 aut
789 4026 943 4109 repetitur
964 4031 1090 4100 tandem
1118 4032 1247 4099 ultimus
1267 4026 1380 4114 aliquia

371 4114 459 4192 finis,
488 4109 526 4175 ad
549 4126 643 4193 quem
666 4122 765 4173 ceteri
788 4126 900 4176 omnes
920 4111 1105 4198 diriguntur.
1153 4114 1199 4182 At
1219 4113 1295 4181 illud
1314 4112 1388 4198 qul·

373 4199 443 4262 dem
470 4192 538 4262 esse
560 4211 623 4259 non
648 4190 763 4276 potest.
809 4194 997 4278 sequeretur
1024 4199 1128 4278 enim,
1158 4198 1298 4267 infinitos
1315 4193 1387 4268 esst

376 4282 468 4347 inu:
497 4279 528 4347 da
550 4295 624 4345 cum
650 4274 806 4373 infinitum
827 4282 981 4367 magnati
1001 4299 1069 4357 non·
1086 4283 1202 4370 potfit,
1223 4299 1261 4355 ut
1283 4281 1330 4356 est
1347 4282 1382 4353 in

1269 4376 1394 4443 dtu*

236 4406 441 4896 7·
