3475 5550
516 717 580 786 arra
617 715 773 788 Aaron.
811 715 1007 786 Earucu
1034 711 1176 788 Contu.
1300 725 1361 804 185

357 879 451 950 surim
467 874 700 960 opprimeretur
716 873 877 960 lethargo,
898 875 991 940 itaut
1010 873 1113 942 somni
1130 877 1160 943 dc
1179 875 1265 944 vitae
1286 880 1370 948 idem

356 959 542 1038 lassasset,
562 961 619 1025 illo
635 976 736 1024 tamen
757 963 870 1024 rumbo
892 961 1042 1025 virtutem
1061 965 1088 1024 ei
1108 963 1284 1046 ademptam
1302 985 1367 1034 uon

358 1051 539 1116 diceremur.
580 1043 622 1109 Et
642 1043 663 1110 st
686 1040 811 1108 somnus
830 1047 979 1109 virtutem
1007 1044 1157 1123 tolleret,
1177 1049 1302 1129 quoties
1318 1071 1370 1114 ex-

360 1129 575 1222 pergiscuntur
591 1127 656 1192 uiri
671 1127 765 1204 boni,
791 1128 887 1192 toties
911 1129 956 1194 eis
979 1146 1061 1194 nova
1082 1132 1312 1200 exercitatione
1329 1134 1369 1200 ad

361 1217 506 1282 uirtutem
525 1215 762 1296 comparandam
782 1230 862 1295 opus
878 1213 975 1280 soret.
1018 1213 1063 1276 lta
1085 1231 1160 1298 crgo
1177 1233 1372 1298 argumenta·

361 1309 408 1368 liar
423 1295 611 1364 Aristoteles
667 1295 828 1378 Ejusmodi
847 1297 985 1375 bonum,
1006 1297 1092 1379 quod
1108 1299 1200 1362 etiam
1215 1301 1370 1386 abcaqui

359 1385 473 1468 suuper
501 1381 666 1460 dormiatl,
693 1381 819 1445 retineri
846 1379 977 1463 potcll,
1007 1398 1069 1444 non
1087 1382 1131 1447 cll
1145 1381 1297 1450 summum
1313 1387 1371 1450 bo·

363 1489 430 1538 num
481 1466 565 1532 Tale
579 1481 685 1529 autem
706 1465 750 1530 cst
771 1464 884 1530 virtus.
914 1462 988 1528 Non
1004 1463 1047 1528 est
1062 1465 1156 1548 igitur
1173 1466 1275 1533 virtue
1291 1469 1372 1536 sum·

361 1573 444 1622 mum
459 1552 591 1617 bonum:
626 1549 852 1632 Epimenides,
874 1547 927 1632 qui
947 1563 1035 1613 totos
1056 1567 1155 1616 xuvu.
1187 1569 1284 1617 annos
1299 1555 1371 1619 dor-

363 1637 462 1706 nitate
478 1635 616 1710 dicitur,
635 1633 655 1698 ii
675 1651 739 1716 qtae
758 1649 902 1716 tempore
923 1628 1041 1716 sopitus
1058 1631 1127 1713 eil,
1148 1633 1298 1701 virtutem
1318 1639 1370 1703 ha·

361 1721 503 1800 buisset,
534 1715 711 1783 retinuisset
739 1735 807 1781 eam
832 1716 1012 1781 dormiens:
1043 1734 1145 1800 neque
1172 1731 1274 1786 tamen
1291 1719 1370 1794 felix

360 1804 480 1876 suisset.
521 1803 614 1868 Aliud
628 1803 722 1885 igitur
742 1800 786 1866 eli
802 1801 922 1876 virtus,
947 1803 976 1866 dt
996 1799 1077 1864 aliud
1093 1801 1237 1868 selicitaa.
1337 1833 1346 1878 r

397 1891 450 1956 tal
466 1885 652 1970 ary-rat]
671 1885 752 1950 Pieri
770 1885 891 1966 potest,
915 1899 948 1948 ut
965 1883 993 1947 ci
1010 1884 1063 1966 qui
1080 1886 1199 1950 virtute
1215 1887 1372 1970 praeditus

359 1973 419 2052 cll,
440 1972 526 2038 nulla
543 1987 677 2054 unquam
694 1969 726 2034 sc
742 1967 856 2034 usserat
878 1969 1070 2034 exercendae
1086 1970 1212 2036 virtutis
1232 1973 1369 2038 occasio.

360 2059 471 2206 Τιίειὲι
487 2069 612 2134 autent,
633 2055 664 2120 ld
677 2052 738 2140 ellj,
759 2056 799 2116 rh
822 2058 998 2135 tumeam
1020 2051 1066 2114 ha*
1085 2061 1159 2130 alu.
1188 2072 1284 2121 nemo
1303 2055 1374 2123 feli·

357 2161 423 2210 cem
469 2139 573 2206 ixctit.
925 2155 928 2162 ·
1237 2159 1240 2166 ·

394 2223 447 2290 tal
465 2225 570 2298 ἆπχῶ
590 2221 758 2314 alpium]
780 2218 829 2286 Ita
848 2236 883 2286 ut
903 2217 1029 2286 nihilei
1058 2222 1205 2308 prospere
1223 2223 1369 2292 succedat

358 2325 465 2380 eorum
484 2325 567 2392 quac
582 2323 656 2390 agat.

399 2403 448 2457 ra.
469 2395 485 2474 ’5
509 2393 561 2458 {w
582 2391 683 2476 ζεηη]
712 2395 789 2460 olm
811 2387 887 2473 quid
916 2387 972 2468 it,
1001 2386 1099 2454 disces
1122 2408 1141 2455 e
1161 2393 1263 2476 primo
1287 2395 1369 2481 topi·

357 2487 479 2548 corum.
527 2475 604 2540 lnde
615 2475 697 2558 apud
714 2473 901 2538 Ciceronem
921 2473 1012 2545 hod.

399 2563 452 2624 ra
480 2563 547 2634 πμ·
564 2559 645 2623 visu,
666 2557 756 2644 ἅλις]
790 2560 947 2628 ’synt-alm
971 2555 1067 2620 libros
1095 2557 1175 2623 duos
1191 2557 1369 2628 hoc-titulo

354 2641 552 2728 scripserat,
599 2641 711 2725 quibua
755 2639 888 2712 aruinam
926 2641 1077 2722 quaedam
1119 2641 1148 2704 dt
1188 2645 1370 2728 pervulgata

355 2729 616 2817 disciplinarum,
656 2729 694 2793 dt.
724 2721 941 2811 philosophiae
978 2737 1157 2810 praecepta·
1180 2728 1367 2814 complexus

354 2830 433 2881 crat.
1231 2852 1235 2859 -
1312 2864 1316 2873 .

391 2902 509 2975 talvo-
529 2895 558 2957 h'
578 2904 624 2960 lm
646 2892 834 2977 lappam]
858 2890 956 2959 libro
974 2893 1111 2958 decimo.

360 3002 364 3013 ¹
397 2987 432 3045 ’0
448 2984 476 3045 οἳ
495 2978 656 3067 ngl'sl
674 2984 761 3047 illust
794 2980 827 3046 ma
849 2976 906 3060 sa]
930 2976 1084 3043 Dubildse
1097 2978 1207 3053 allssuss
1222 2996 1371 3065 pOiesat,

356 3084 413 3135 cur
444 3086 510 3131 tres
529 3080 649 3128 tantum
674 3062 754 3125 vitas
773 3059 949 3143 posuisset,
979 3081 1082 3145 neque
1097 3064 1258 3129 addidisset
1278 3086 1366 3150 quar·

351 3160 444 3230 um,
465 3167 596 3218 eorum,
619 3148 671 3213 uui
692 3145 843 3229 pecuniae
858 3160 978 3210 tantum
997 3148 1026 3209 d
1046 3148 1159 3230 opibus
1175 3153 1368 3233 cogendisac

357 3233 566 3321 congerendis
582 3228 719 3295 student:
742 3229 847 3310 quales
865 3228 936 3293 sane
953 3229 1070 3295 multos
1086 3231 1239 3297 videmus.
1280 3234 1367 3301 lluic

355 3318 548 3387 dubitationi
568 3315 689 3381 duobus
704 3316 805 3377 modis
819 3314 976 3377 occurrit:
1000 3316 1118 3395 ptime,
1140 3319 1224 3397 quod
1246 3317 1292 3389 illi
1312 3322 1368 3387 vix

355 3406 466 3471 uiuere
486 3403 664 3466 videantur:
691 3396 743 3461 scd
761 3396 798 3461 stt
816 3415 924 3461 corum
941 3394 1267 3477 qttodammodoaao
1279 3412 1368 3474 asoa.

354 3490 442 3555 m
464 3486 547 3551 enim
570 3485 661 3565 lego,
685 3480 735 3544 uhi
755 3482 851 3563 vulgo
865 3478 910 3545 est
930 3486 1046 3553 atho.
1079 3482 1191 3561 deiude
1211 3488 1298 3568 quod
1322 3486 1368 3551 sa·

354 3572 397 3643 tir
421 3590 479 3657 pet
505 3566 704 3643 secundet,
736 3566 859 3629 divitias
881 3584 943 3631 aron
967 3563 1033 3627 esse
1054 3565 1204 3631 suntmum
1229 3568 1366 3639 bonum:

355 3674 431 3723 cum
450 3656 510 3723 lint
534 3672 553 3717 e
575 3670 690 3736 genctc
717 3650 872 3715 bonorum
894 3650 1038 3726 utilium,
1077 3670 1220 3738 quaeque
1245 3669 1366 3723 tantum

352 3756 486 3839 propter
503 3738 585 3803 aliud
604 3750 803 3817 expetuntur.

394 3834 443 3889 ao
465 3820 583 3905 nano]
608 3820 831 3903 Argumentum
849 3834 866 3880 a
887 3818 1007 3899 majori.

393 3916 458 3981 not
477 3904 569 3990 aad]
592 3900 759 3967 Adversus
780 3920 816 3965 ea
837 3904 921 3966 utin
945 3902 1019 3967 loco
1041 3902 1247 3989 topicorum,
1269 3925 1364 3992 quem

349 3990 514 4061 declaravi
530 3991 561 4054 in
578 3986 663 4052 libris
680 3986 833 4051 vanarum
846 3986 1027 4054 lectionum.
1161 4012 1165 4021 ¹

351 4108 356 4115 ·
391 4094 490 4141 c.vr.
516 4083 552 4134 aa
570 4070 735 4153 lividae]
765 4070 846 4135 Cum
877 4071 974 4135 multa
996 4070 1066 4137 liant
1090 4070 1120 4137 in
1145 4072 1365 4161 philosophia,

373 4178 433 4225 uae
449 4156 618 4233 difficiles,
639 4170 733 4236 atque
747 4153 1180 4241 arduoshabcnteaplicatus,
1195 4172 1259 4223 tum
1272 4178 1366 4243 quae·

345 4176 409 4313 sio
424 4244 469 4309 de
486 4242 566 4307 ideis
579 4256 642 4304 tam
657 4236 763 4303 multis
779 4236 846 4316 eil,
868 4254 995 4323 tamque
1009 4239 1099 4304 variis
1116 4239 1363 4317 dissentientium

346 4330 433 4413 pter
454 4324 491 4395 se
513 4324 790 4395 erudititsunonau
821 4320 1126 4490 huminumMaggtata
1153 4328 1370 4503 content&
