3475 5550
533 699 588 754 ru
623 683 779 754 niara.
815 679 994 754 'nrxrcr
1019 715 1022 724 ·
1047 687 1194 760 Conrrr.
1319 713 1384 788 ,πη

357 843 495 912 omnino
509 837 718 920 felicitatem,
739 843 827 922 quod
842 845 993 908 virtutem
1010 844 1076 911 csse
1098 848 1256 914 dixerunt.
1301 851 1383 918 Rur-

358 927 492 998 sumalii
503 926 785 992 obrutiorereriam
801 945 897 1013 atque
908 928 1107 1011 hebetiores,
1125 951 1197 998 cum
1216 933 1381 1016 viderent,

362 1011 527 1082 bominem
550 1007 694 1074 absolute
713 1007 839 1078 felicem
860 1012 928 1078 esse
955 1033 1018 1079 non
1040 1014 1155 1100 posse,
1174 1015 1308 1100 quinon
1328 1020 1381 1084 ab·

355 1099 493 1166 undaret
518 1095 549 1162 dt
571 1095 608 1160 iia
631 1095 744 1172 bonis,
764 1115 844 1178 quae
863 1099 894 1160 in
912 1113 1050 1180 corpore
1066 1098 1158 1182 sunt,
1179 1101 1279 1182 briis,
1299 1117 1381 1187 quae

363 1179 581 1258 extrinsecus,
601 1197 683 1263 quae
701 1179 846 1245 videntur
863 1199 901 1246 cx
916 1183 1048 1248 quadarn
1065 1181 1213 1251 fortunae
1228 1185 1379 1270 prosperi·

366 1283 443 1334 tate.
459 1263 621 1352 pendere,
650 1264 731 1328 idem
753 1263 820 1330 esse
840 1263 1054 1346 felicitatem,
1075 1269 1104 1334 dt
1126 1273 1243 1354 ιη’..
1260 1271 1376 1352 judica·

363 1365 449 1420 tunt.
492 1347 572 1416 lnde
596 1344 769 1414 necessario
782 1349 967 1414 extiterunt
992 1351 1132 1416 diversae
1152 1354 1317 1438 opiniones
1338 1361 1380 1424 de

362 1455 400 1502 ea
425 1435 557 1510 caussa,
584 1451 665 1518 quae
689 1431 720 1498 in
742 1431 773 1498 se
794 1433 956 1502 felicitatis
974 1435 1172 1502 efficientiam
1192 1439 1380 1512 continerer.

363 1519 469 1588 Aliam
493 1517 579 1584 enirn
604 1513 739 1582 caussam
763 1516 967 1594 adferebant,
988 1520 1100 1602 quibua
1115 1521 1257 1603 placebat
1280 1525 1378 1594 virtu·

363 1617 431 1670 tem
449 1603 481 1668 dt
499 1599 685 1668 felicitatem
709 1601 789 1668 idem
803 1602 898 1680 csse,
919 1602 1030 1680 aliam,
1053 1603 1165 1688 quibus
1182 1603 1380 1692 ,felicitatem

364 1687 546 1770 &tui-o.
589 1685 638 1750 llll
654 1683 847 1770 disciplinam
867 1701 922 1752 aut
939 1686 1196 1756 consuetudinem
1216 1739 1226 1772 ,
1251 1709 1305 1758 aut
1324 1715 1381 1762 cx·

364 1775 613 1849 utitationem,
641 1787 736 1854 prout
757 1771 891 1853 quisque
915 1772 1064 1839 virtutem
1087 1774 1292 1856 autaut-vlt,
1322 1797 1378 1846 aa:

364 1855 474 1926 ibib.
499 1869 554 1920 aut
574 1853 683 1920 inivi·
705 1853 771 1919 esse
788 1855 942 1920 ducebat:
973 1853 1003 1920 bi
1016 1873 1068 1922 aut
1086 1858 1116 1922 in
1136 1857 1264 1926 deorum
1284 1861 1379 1932 benc·

363 1937 534 2018 volentia,
565 1953 620 2002 aut
638 1939 669 2002 in
692 1937 820 2004 fortuna
840 1941 939 2022 posita
962 1939 1028 2004 esse
1054 1942 1158 2007 omnia
1188 1943 1377 2017 statuebant.

364 2021 435 2092 Has
449 2022 545 2106 igitur
563 2021 727 2106 opiniones
745 2024 808 2089 boc
827 2023 902 2090 loco
919 2024 1086 2107 expendit,
1108 2025 1230 2092 &inter
1250 2027 1281 2094 fc
1298 2049 1379 2100 con·

360 2107 465 2174 tendit
485 2105 687 2185 Aristoteles,
711 2108 914 2192 quaeritque,
939 2111 1099 2190 quomodo
1114 2127 1240 2192 paretur
1256 2115 1376 2186 bomini

361 2191 525 2272 felicitas,
543 2187 679 2270 misen,
698 2199 818 2270 lucus,
841 2191 859 2260 f
878 2193 992 2260 denseo«
1009 2193 1080 2274 ml,
1110 2214 1147 2260 an
1171 2198 1277 2280 potius
1300 2201 1378 2266 deo·

361 2297 432 2344 turn
448 2293 562 2342 munus
577 2273 635 2350 iit,
657 2294 694 2340 an
711 2273 869 2341 fortunae.
909 2275 1068 2365 Quaedam
1083 2279 1163 2344 enim
1183 2281 1272 2362 sunt,
1293 2303 1374 2370 quae

359 2359 505 2430 homines
528 2357 679 2424 discendo
700 2373 915 2442 comparant,
946 2375 981 2425 ut
1008 2360 1177 2430 scientiae:
1205 2370 1373 2452 quaedam,

358 2465 441 2534 quae
457 2441 685 2512 consuetudine
701 2445 856 2518 adbibita,
884 2460 920 2509 ut
942 2463 996 2508 eae
1011 2447 1165 2526 virtutes,
1186 2453 1372 2532 quaeaflio'r

359 2551 401 2600 ne
414 2545 613 2598 cernuntur:
631 2530 800 2612 quaedam,
819 2545 900 2610 quae
918 2528 1163 2610 exercitatione,
1193 2549 1228 2598 ut
1252 2537 1375 2619 agilitas

362 2615 517 2702 quaedam
540 2612 704 2694 corporis,
735 2629 788 2676 aut
806 2612 927 2690 robur,
955 2627 1008 2676 aut
1030 2613 1061 2678 in
1080 2616 1184 2680 animo
1199 2623 1370 2694 memoriae

360 2703 439 2766 eia:
467 2697 617 2781 quaedam
644 2697 701 2762 diis
722 2712 853 2781 accepta
878 2691 1000 2777 ferunt,
1032 2713 1067 2762 ut
1080 2699 1369 2787 pulchritudinem,

358 2804 414 2853 aut
426 2784 649 2851 nobilitatem:
668 2783 817 2865 quaedam
834 2778 1004 2858 fortunae,
1028 2799 1063 2848 ut
1078 2783 1099 2851 li
1119 2785 1190 2934 guis
1205 2806 1310 2871 agrum
1318 2788 1370 2871 fu,-

358 2870 476 2949 diens,
512 2864 687 2932 thalamum
714 2868 857 2950 reperiat.
904 2862 960 2931 Est
991 2882 1094 2933 autem
1142 2870 1284 2953 iligenrcr
1303 2874 1369 2951 hoe

356 2956 440 3023 ioco
452 2951 724 3021 animadvertenda
737 2952 785 3015 vis
798 2968 933 3015 vocum:
954 2968 1011 3029 ne,
1034 2966 1067 3015 ut
1083 2954 1232 3037 qnidam,
1261 2978 1371 3030 errore

357 3040 465 3121 ducti,
485 3036 568 3103 idem
589 3032 656 3099 csse
670 3034 927 3101 consuetudinem
946 3038 976 3101 dt
996 3038 1252 3113 exercitationem
1274 3063 1364 3128 pute,

359 3142 444 3191 munt
483 3118 610 3187 Etenim
632 3124 663 3185 in
685 3118 910 3187 consuetudine
935 3116 1052 3203 saepua
1076 3121 1157 3191 idern
1182 3125 1242 3194 fita
1275 3146 1307 3196 at
1330 3134 1364 3201 in

356 3206 605 3277 exercitatione,
626 3222 725 3287 usque
747 3206 786 3269 nd
808 3204 941 3287 aliquem
958 3205 1107 3283 modum,
1132 3210 1277 3291 paulatim
1295 3218 1369 3285 asli·

354 3294 420 3361 due
435 3290 551 3373 aliquid
565 3288 698 3355 additur.
738 3286 848 3371 Iraque
863 3286 1089 3355 consuetudine
1105 3290 1160 3371 fir,
1185 3311 1219 3360 ut
1242 3295 1364 3383 semper

353 3378 447 3445 -idern
467 3372 575 3439 facere
600 3374 754 3438 velimant
780 3371 1023 3451 exercitatione,
1055 3389 1090 3438 ut
1111 3379 1252 3457 quotidie
1267 3386 1366 3469 majus

357 3458 478 3537 aliquid
502 3456 655 3541 praestare
677 3456 838 3537 posiitnus.
880 3456 932 3522 list
954 3458 1007 3540 qui
1030 3458 1200 3528 diutixssme
1217 3462 1248 3531 se
1262 3468 1304 3535 ita
1319 3490 1366 3537 aa·

355 3542 553 3621 strefeccrit,
580 3558 615 3605 ut
635 3542 719 3609 senas
740 3542 846 3607 uncias
860 3540 922 3605 cibi
938 3544 1079 3619 quotidie
1093 3562 1242 3629 caperet,
1262 3572 1366 3639 noque

397 3648 434 3695 us
454 3648 495 3693 un
519 3644 590 3691 uam
609 3673 619 3705 ,
648 3644 751 3709 neque
766 3628 885 3690 minus:
907 3622 958 3689 sed
977 3624 1030 3691 for
1047 3630 1154 3695 uncias
1169 3632 1256 3715 ipsas.
1299 3638 1364 3707 Hic

355 3630 433 3785 gne.
446 3646 529 3795 quitd¹
541 3710 732 3785 detraxeris,
760 3710 826 3776 five
846 3709 1017 3789 addideris,
1044 3709 1232 3785 offendetur.
1271 3720 1364 3799 Haec

354 3794 593 3865 consuetudinis
615 3796 663 3859 vis
687 3794 742 3859 est.
784 3794 827 3861 lit
850 3793 935 3879 blilo
957 3794 1162 3865 Crotoniates
1187 3806 1258 3869 e'utn
1283 3808 1367 3875 vltu-

359 3884 424 3953 itan
446 3880 591 3965 quotidie
611 3878 741 3963 gestaret
766 3878 899 3943 humeris
915 3880 1045 3954 ,etiarn
1074 3900 1191 3949 taurum
1215 3886 1365 3959 effcslum

361 3964 494 4055 gestasse
511 3980 659 4031 narratur.
694 3964 889 4029 Fatercita'tio
909 3962 990 4027 nacc'
1002 3964 1074 4031 fuir.
1098 3968 1267 4039 Crescebat
1283 3977 1366 4047 eninr

357 4051 508 4139 paularim
522 4050 674 4122 uitulus,
705 4052 734 4113 dt
763 4048 807 4113 fic
828 4047 970 4128 quotidie
984 4052 1161 4117 accedebat
1188 4056 1305 4141 aliquid
1327 4064 1366 4129 ad

356 4136 482 4223 pondua
500 4132 593 4200 illius.
637 4134 690 4198 Sic
706 4135 758 4215 qui
776 4132 870 4197 bodie
888 4133 997 4207 viginti
1013 4132 1119 4201 versus
1141 4138 1322 4225 edidicerit,-
1337 4147 1366 4221 ,li

354 4238 428 4287 cras
446 4216 677 4309 imperetftbi,
700 4233 737 4281 ut
759 4214 1182 4373 ediscat-vipintiltLuinqtre,
1202 4230 1371 4311 perendie,

348 4320 394 4381 att
413 4300 891 4393 iriqinmpatquea'taquotidie
903 4302 1002 4371 addat
1058 4302 1370 4395 quinquatrusque

1284 4402 1373 4485 quin·
