3475 5550
284 613 412 766 ιω
544 649 597 722 M.
675 649 723 724 -Ἀ,
801 621 1185 718 Mercarr‘

310 877 314 902 ι
407 811 461 886 ans
483 808 552 890 est3
576 822 609 875 at
628 807 682 892 qui
694 853 706 887 ,
727 807 800 872 cum
824 807 868 871 eir
887 820 992 882 caret,
1015 807 1137 892 angitur
1154 804 1283 883 animo,
1305 797 1366 866 ω’

377 917 417 966 ue
434 892 576 977 absentes
593 895 735 979 cogitat,
754 905 850 974 atque
866 890 1034 973 desiderat,
1053 893 1140 957 illum
1161 908 1237 954 vere
1250 903 1290 953 ac
1302 901 1363 951 ma·

352 975 420 1056 tito
429 980 545 1061 dixeris
559 981 831 1062 intemperantem.
863 975 979 1046 Eadem
994 974 1251 1062 cognoscendae,
1271 985 1367 1055 atque

357 1061 363 1072 '
420 1064 565 1143 lorandae
584 1058 781 1132 fortitudinis
797 1062 889 1125 ratio.
929 1059 1012 1125 Nam
1030 1061 1084 1159 qui
1101 1060 1368 1140 subit,'cumot-

357 1173 396 1227 ca
419 1148 535 1230 offert,
555 1165 612 1222 ea,
630 1161 713 1230 quae
730 1158 856 1209 ceteros
874 1159 1011 1222 terrent,
1034 1141 1128 1292 ropac
1151 1162 1223 1209 cum
1239 1141 1369 1228 quadan

355 1236 521 1309 alacritate
533 1229 644 1311 animi,
665 1243 721 1294 aut
741 1241 828 1292 cette
841 1226 908 1294 fine
917 1226 1056 1295 molestia
1083 1230 1165 1307 acit,
1186 1227 1283 1308 scias,
1300 1227 1376 1292 ertit

360 1322 502 1397 fortem,
521 1318 552 1383 δι
573 1333 686 1400 magno
708 1313 812 1379 animo
835 1312 1008 1397 praeditum
1032 1313 1114 1380 ease:
1143 1329 1176 1380 at
1197 1313 1268 1392 cui,
1299 1323 1373 1384 cun

358 1401 537 1500 periculum
558 1397 687 1483 aliquod
708 1397 883 1464 adeundum
909 1396 974 1478 cst,
1002 1405 1150 1484 retegit,
1181 1415 1217 1462 ut
1240 1398 1284 1462 ait
1300 1397 1375 1482 poe·

363 1507 421 1571 ta,
450 1485 553 1556 timido
572 1483 632 1571 sun
722 1487 844 1565 ,utq'ue
865 1478 1030 1565 exalbescat
1045 1496 1143 1564 metu,
1165 1481 1375 1548 huncnoserc

364 1575 440 1654 pibo
464 1572 603 1638 virorum
666 1567 760 1632 rtium
780 1565 994 1650 expuncium,
1014 1567 1096 1634 inter
1108 1567 1238 1656 ignauos
1257 1557 1379 1640 desslffi

366 1657 483 1741 andum
506 1653 574 1719 csse
591 1649 762 1719 censemus.
1372 1709 1377 1716 .

391 1737 440 1806 ’Ἦ
459 1746 500 1821 με
521 1737 666 1814 aarum&
687 1762 713 1812 >a
760 1732 841 1802 Cum
866 1735 965 1802 multa
990 1735 1020 1801 in
1044 1735 1211 1805 Aristotele
1230 1729 1380 1806 laudanda

367 1828 460 1912 sunt,
484 1838 552 1900 tum
573 1820 651 1886 illud
682 1837 724 1882 ve
761 1820 917 1898 maxime,
947 1821 1035 1968 guod
1063 1822 1216 1889 rationem
1245 1814 1384 1906 putero·

369 1907 483 2000 phandi
507 1903 590 1972 suam
613 1905 651 1969 ad
675 1901 860 1983 veritatem,
882 1907 946 1967 &a
987 1922 1127 1972 naturam
1142 1903 1383 1990 quammaxime

369 1987 644 2074 accommodavit3
664 1988 765 2052 ceteri
788 2006 897 2072 magna
918 2005 958 2054 ex
980 2006 1070 2073 parte
1084 1991 1317 2057 admirationem
1329 1983 1384 2052 'sul

370 2082 405 2162 in
417 2076 529 2173 vulgus
541 2072 681 2140 excitare
698 2071 866 2137 volucrunt
875 2117 887 2152 ,
906 2073 935 2136 tit
952 2074 1143 2158 dumnova,
1163 2069 1384 2152 inauditam·

374 2159 530 2242 mirabilia
556 2153 721 2236 afferrent,
741 2173 834 2240 quam
864 2175 938 2229 vera
957 2158 1121 2240 dicerent,
1144 2159 1296 2225 interdum
1314 2165 1383 2242 nun

374 2260 565 2346 magnopere
578 2239 767 2306 laborarunt.
810 2237 897 2307 Huic
912 2239 1018 2308 nostro
1035 2243 1111 2308 niltil
1130 2245 1261 2321 veritate
1278 2235 1387 2328 ptiua²,

374 2330 452 2412 nilul
470 2324 594 2414 potius,
615 2324 692 2391 nihil
712 2323 868 2407 antiquius
887 2323 958 2391 fuit.
989 2327 1096 2394 Ceteri
1117 2329 1144 2393 sa
1188 2346 1205 2394 e
1227 2343 1286 2413 pto
1303 2323 1391 2390 veria

375 2409 515 2501 speciosa
539 2407 709 2476 consecrati
731 2406 821 2488 funt,
850 2409 903 2474 hic
927 2427 1007 2494 quae
1032 2430 1102 2477 vcra
1126 2428 1246 2493 esent,
1268 2407 1331 2475 serii
1351 2407 1355 2414 '
1375 2411 1380 2420 '

378 2519 418 2578 eu
442 2494 511 2588 ipso
530 2492 603 2560 satis
626 2491 763 2578 speciosa
784 2492 850 2559 ease
876 2495 1040 2575 judicavit.
1085 2495 1120 2562 ld
1143 2499 1222 2562 adeo
1251 2493 1304 2568 vel

376 2581 504 2683 ipsoex
525 2577 599 2645 loco
616 2577 746 2678 intelligi
763 2578 898 2662 poterit,
927 2579 972 2658 fi,
994 2583 1080 2665 quod
1098 2581 1148 2647 hic
1160 2582 1292 2660 dicitur,
1314 2579 1391 2658 cirin

377 2663 437 2749 iu,
456 2664 587 2750 qutoab
603 2661 670 2760 aliia
682 2659 873 2760 philosophis
888 2664 995 2729 cadem
1010 2665 1095 2730 dere
1110 2666 1189 2731 dicia
1206 2665 1296 2741 sunt,
1314 2677 1394 2730 oon·

380 2751 513 2839 feratur.
553 2747 616 2814 Alit
640 2762 756 2815 tantam
782 2766 844 2813 vnn
864 2747 989 2814 uirtutis
1009 2747 1075 2815 esfc
1095 2750 1285 2830 voluerunt,
1307 2745 1394 2822 utin

374 2852 451 2922 ¹qun
473 2851 509 2898 ea
532 2830 634 2910 esset,
655 2850 725 2896 eum
746 2828 778 2897 in
793 2846 887 2911 tota,
911 2834 940 2897 in
959 2834 1115 2916 equuleo,
1137 2836 1166 2901 in
1185 2834 1328 2901 maximia
1342 2832 1397 2907 de-

382 2921 481 3005 nique
488 2963 499 2996 ,
514 2915 543 2992 ot
561 2913 803 3000 exquifitisirmia
816 2917 982 2991 tormcntis
998 2919 1231 2986 accruciatibus
1243 2936 1307 2985 non
1325 2918 1396 2997 mn?

385 3004 429 3081 do
447 3018 510 3073 non
529 2998 718 3080 doliturum,
744 2995 794 3063 sed
818 2999 993 3083 gavisurum
1011 3002 1125 3086 etiarn,
1148 3004 1176 3069 ut
1195 3002 1397 3095 tanquamin

383 3083 481 3171 ¹tosa,
500 3096 555 3153 aut
575 3080 659 3151 viola
677 3080 853 3148 mullisllme
880 3080 1026 3159 substrata
1045 3088 1233 3169 accubaret,
1255 3088 1400 3173 magnam

388 3168 542 3257 quandam
566 3184 605 3230 ex
630 3184 669 3229 eo
698 3164 893 3255 voluptatem
917 3166 1071 3238 sensurum
1091 3175 1310 3256 praedicarent.
1338 3168 1403 3245 ¹At

415 3250 582 3322 uisthomu
605 3248 694 3330 huius
726 3265 788 3314 tam
818 3251 930 3331 durae,
953 3269 1015 3319 tam
1038 3254 1182 3334 lbvctac,
1203 3274 1268 3330 tam
1282 3248 1401 3342 rigidae

389 3275 566 3419 ssentetrtiaa
583 3333 692 3398 auctor
710 3331 1035 3421 fultrlaxspectatis,
1058 3356 1092 3405 ut
1113 3342 1288 3425 Epictetum
1308 3338 1406 3407 vobin

391 3422 549 3519 aliquem,
568 3432 621 3514 aut
647 3417 884 3493 Anaxarchum,
907 3438 960 3495 aut
978 3422 1192 3492 Antisthenem
1210 3412 1402 3522 proferans?

391 3507 568 3591 Epicurus,
593 3499 659 3597 rple
676 3500 1040 3599 voluptariorumpater,
1061 3511 1233 3594 voluptatis
1247 3498 1405 3589 assertor,

392 3602 561 3661 enervatur
587 3583 821 3680 philosophiae,
848 3588 935 3670 cujus
953 3592 1118 3677 pleraeque
1133 3591 1406 3677 disputationesjn

394 3691 508 3774 ganea,
528 3685 581 3741 aut
595 3687 624 3733 m
639 3672 753 3759 popina
776 3686 869 3736 natae
890 3675 1053 3755 videntur,
1075 3697 1138 3745 non
1156 3680 1186 3744 in
1204 3677 1328 3757 schola,
1350 3680 1407 3759 cuj·

407 3778 442 3824 us
461 3757 487 3822 is
508 3754 608 3831 fermo
624 3751 691 3827 eli,
714 3771 750 3820 ut
770 3755 799 3822 in
823 3754 1012 3839 visceribus,
1034 3778 1071 3827 ae
1089 3763 1232 3831 medullis
1249 3762 1406 3830 summurn

385 3778 510 3919 ‘honum
526 3835 701 3903 condidisse
719 3837 880 3922 videatur,
898 3841 982 3923 ipse,
996 3844 1141 3930 inquam,
1160 3848 1332 3930 Epicurus,
1356 3834 1407 3913 ctr'l

394 3925 488 3995 dolor
512 3922 654 3995 ultimum
684 3923 836 3993 malorum
864 3929 1004 3993 omniurn
1031 3929 1095 4009 est,
1118 3932 1307 4016 sapientem,
1326 3916 1407 4015 stili

344 4054 352 4069 .
396 4007 565 4081 Phalaridis
582 4021 670 4070 tauro
686 4004 831 4087 subjectis
844 4008 967 4157 iffnibus
981 4028 1156 4097 torreatur,
1172 4005 1326 4091 distantum
1342 4015 1407 4099 alt,

396 4087 655 4252 attilam
671 4086 1407 4259 utilimum-nn

396 4198 582 4357 {inicam
599 4220 739 4363 ioea'rm,
754 4279 796 4373 au
810 4261 891 4346 laic
909 4205 1311 4370 irrasctrpnt’setnpssuiu.
1340 4256 1407 4425 iffa

579 4436 582 4443 .
1365 4369 1407 4449 affl
