3475 5550
347 692 412 744 222
560 659 613 744 M.
693 657 735 726 Λ.
812 655 1194 760 lllutrtnr..

305 825 308 832 '
363 831 435 902 ,At
456 841 496 888 ne
514 819 558 884 illi
572 816 697 904 quidem
714 827 802 880 extra
826 834 953 882 ornnem
970 817 1116 886 fortunae
1133 822 1231 890 aleam
1248 823 1374 920 posrtoe
1418 863 1421 896 1

353 913 463 1000 putare
479 903 510 972 se
521 904 657 984 debent,
674 901 787 984 quibus
805 899 880 966 boni
894 907 923 966 lt
939 901 1104 970 laudabiles
1119 905 1173 972 filii
1189 908 1301 996 divrpo
1316 909 1371 976 be·

351 995 469 1065 nesrcio
483 991 695 1072 contigerunt.
737 983 867 1078 Quanto
892 987 974 1053 enim
1000 991 1144 1055 meliores
1159 996 1371 1078 ‚carioruqrre

351 1081 444 1160 sunt,
466 1087 555 1156 ¹tanto
567 1071 724 1154 ¹nrlrlurem
738 1085 863 1134 mutuat
878 1063 1037 1154 dolorem,
1060 1073 1080 1141 fi
1096 1075 1259 1162 immatura
1284 1097 1370 1174 qror·¹

352 1183 387 1232 te
408 1161 584 1246 rapiantur„
615 1154 733 1248 Neque
764 1152 837 1216 milri
856 1155 1020 1242 quisquam
1048 1159 1109 1224 lroc
1135 1161 1211 1226 loco
1237 1161 1371 1244 objrciat

354 1245 650 1330 exemplatorum,
680 1253 734 1320 qm
757 1253 868 1320 magno
888 1243 919 1306 d:
943 1243 1095 1310 constanti
1110 1245 1214 1310 animo
1231 1245 1375 1314 filioram-

353 1323 716 1416 ιιῑοτιτῑιιιρεπυὶθῐῦῐιῑ.Ι
730 1319 828 1418 Scio,
844 1323 920 1405 quid
942 1323 982 1390 de
999 1327 1134 1396 Horatio
1152 1329 1290 1396 l’ulvillo
1310 1347 1371 1396 tra·
1414 1359 1420 1374 ·

350 1419 454 1486 ditum
476 1412 540 1486 srt,
571 1407 626 1494 qui
646 1403 750 1502 audita
778 1405 834 1472 lrlri
865 1425 987 1490 morte,
1013 1431 1053 1476 ne
1074 1411 1192 1496 postem
1220 1417 1371 1498 quidem,

353 1519 448 1588 quem
467 1494 594 1564 tenebat
610 1497 755 1590 ,omme
795 1487 958 1574 Memini,
978 1497 1052 1582 quid
1071 1497 1111 1562 de
1125 1499 1246 1563 Pericle
1266 1519 1370 1566 narre-

354 1605 432 1664 tur,
459 1585 512 1664 qul
542 1577 657 1642 arrrisirs
682 1589 763 1638 intra
785 1579 981 1655 quatriduum
999 1581 1121 1648 du'ohua
1135 1581 1370 1666 maximaespei

354 1671 448 1748 liliis,
466 1663 543 1732 nilril
560 1679 598 1726 cx
619 1657 815 1754 solito-more
828 1665 972 1728 mutavit.
1018 1665 1127 1732 laudo
1140 1665 1375 1754 Xenophontio

354 1757 489 1824 animum
534 1747 587 1830 qui
610 1761 684 1810 curn
702 1739 832 1838 iol-enne
846 1741 1030 1816 sacrificium
1052 1768 1234 1834 perageret,
1255 1753 1366 1818 audita

355 1853 461 1910 morte
480 1797 609 1918 drylli,
630 1827 690 1924 filii
708 1823 752 1890 sur
764 1825 887 1907 majoris
899 1847 992 1909 natu,
1011 1852 1113 1918 neque
1128 1835 1232 1902 omisit
1239 1882 1250 1915 ,
1274 1835 1366 1920 quod

355 1931 528 2006 coeperat,
550 1913 619 1982 &se
631 1927 778 1993 majorem
797 1929 836 1976 ert
854 1915 936 1982 illius
952 1911 1069 1982 virtute
1086 1917 1366 2006 laetitiam„quam

354 2019 398 2078 ex
424 2015 528 2070 morte
554 1995 725 2064 molestiam
757 1995 917 2082 percipere
951 1997 1108 2080 professus
1136 2003 1188 2068 cll.
1232 2003 1391 2072 'salium-

355 2087 572 2174 exemplorum
608 2099 667 2148 nos
689 2095 817 2174 quoqne
843 2083 1054 2162 abundamus,
1087 2105 1278 2172 magnosque
1299 2087 1372 2156 illot

357 2179 446 2244 viros
463 2187 500 2235 ac
515 2166 691 2250 praeclaret
706 2159 803 2230 fusse
814 2161 969 2248 dicimus,
999 2165 1108 2236 felices
1122 2191 1282 2258 negamus.
1306 2171 1374 2238 Ne·

363 2277 427 2350 que
454 2253 528 2322 mihi
550 2252 711 2335 quisquam
732 2243 944 2394 ‘persuaserim
964 2271 1027 2320 non
1046 2254 1177 2322 multum
1194 2257 1371 2324 tetradum

364 2343 431 2414 esse
445 2341 485 2408 de
501 2335 657 2410 felicitate
671 2335 709 2402 L.
733 2357 736 2362 ·
763 2335 857 2400 emilii
877 2336 997 2416 Paulli,
1019 2341 1133 2424 quode
1149 2341 1373 2422 duobusfilir's,

337 2499 341 2506 ,
362 2447 445 2520 quos
461 2421 526 2522 ipse
547 2419 602 2486 irbi
620 2419 760 2504 reliquos
782 2413 921 2499 fecerat,
939 2421 1018 2488 alter
1034 2425 1201 2506 quatriduo
1227 2441 1302 2492 ante
1322 2443 1373 2510 pe·

363 2517 421 2584 tris
442 2505 665 2592 trrumphurn,
692 2505 771 2574 alter
795 2505 901 2570 triduo
927 2506 994 2588 poll
1022 2509 1153 2574 eundern
1180 2509 1372 2596 triumphurn

364 2593 531 2684 expiravit.
575 2589 636 2686 iiix
652 2607 829 2678 quenquam
853 2603 933 2674 puto
953 2587 1042 2666 csse,
1068 2595 1120 2676 qui
1147 2594 1204 2660 hos
1223 2595 1265 2660 de
1287 2593 1373 2664 Mat·

362 2683 448 2754 cello
484 2675 524 2742 Vi
561 2674 606 2740 llri
635 2671 741 2742 verim
774 2677 838 2744 line
872 2672 1017 2760 lacrymis
1045 2674 1143 2762 legar:
1183 2677 1288 2748 Arare
1323 2677 1375 2742 iric

362 2774 506 2841 Aeaeos,
567 2778 596 2825 e.
618 2757 780 2847 Quantum
804 2779 844 2825 err
866 2778 901 2823 re
920 2757 983 2843 ipsa
998 2759 1153 2843 Augusto,
1173 2763 1204 2831 dt
1223 2755 1400 2849 ’(ὶέὶεινῐιεΙ

364 2852 509 2923 dolorem
538 2842 717 2925 credimus,
747 2864 819 2911 cum
845 2844 938 2909 hodie
951 2844 1041 2909 nobis
1057 2846 1206 2933 lacrymat
1227 2848 1379 2915 memoria

365 2928 534 3009 e'xcutidt‘d
553 2928 781 3011 Jovemiplunr
793 2928 953 2993 llorncrus
966 2928 1084 2996 inducit
1100 2922 1381 3016 ingeriscmtem,'

363 3018 451 3111 quod
468 3028 602 3081 mortem
622 3028 766 3079 avertere
781 3030 799 3075 a
815 3010 881 3077 filio
902 3012 1080 3095 Sarpedone
1105 3034 1167 3083 non
1187 3014 1296 3101 posset
1308 3040 1321 3099 t,
1344 3014 1387 3099 td,

366 3106 402 3179 u*
418 3099 505 3183 3721,
536 3098 577 3159 ῗπ
606 3120 655 3173 pou
674 3094 822 3177 Σιςῃδιι
843 3102 968 3167 oileum
989 3096 1076 3173 adripis
1096 3109 1184 3181 Μιῖφ
1205 3098 1257 3163 εἴη’
1278 3100 1382 3177 narti-

365 3208 440 3254 ιλιι.
467 3174 631 3245 mramddu·
660 3176 794 3259 eliphat.
843 3176 981 3246 Felicior
1004 3178 1098 3263 igitur
1127 3183 1170 3273 Q.
1201 3180 1382 3261 Metellus,

392 3272 422 3343 ui
436 3284 509 3335 curn
528 3264 560 3331 dt
570 3277 706 3413 ἔωσε,
728 3262 758 3329 dt
777 3262 908 3345 opibus,
930 3266 959 3329 dt
978 3264 1172 3346 horroribus,
1195 3270 1381 3345 deviante.

367 3294 405 3431 Ἅι
422 3352 515 3443 rebus
529 3364 568 3433 ge
596 3344 620 3411 la
635 3344 820 3412 clarislrnrus
836 3346 936 3429 esset,
957 3346 1050 3415 senex
1066 3369 1209 3420 mortuus
1224 3346 1381 3425 illutuaest

369 3438 562 3519 in'roguma
580 3444 716 3527 quatuor
732 3430 824 3509 filiis,
846 3450 909 3496 uno
921 3437 1102 3517 praetorio,
1126 3440 1224 3509 tribua
1239 3436 1384 3511 consula·

368 3522 501 3595 laribut,
523 3512 646 3579 duobus
662 3515 918 3597 trrunrphalibus,
942 3536 1005 3583 uno
1019 3516 1183 3594 Censorio.
1226 3527 1307 3595 Rara
1325 3524 1381 3591 ltu-

368 3612 418 3697 jus
440 3598 560 3695 generis
571 3596 724 3697 ‘erretnpla
755 3598 849 3665 sunt:
883 3596 935 3667 sed
953 3603 982 3668 dt
997 3605 1028 3670 in
1044 3604 1183 3677 humanis
1196 3611 1291 3679 rebus
1304 3604 1391 3687 nihil.

376 3688 475 3767 rarius
487 3680 657 3757 ,felicitate
1330 3744 1333 3759 ,

389 3776 445 3841 ὀι
463 3788 510 3839 nt,
545 3766 614 3863 ὀξυ
638 3774 663 3845 ς
689 3766 846 3865 tartara]
867 3766 1023 3863 Quoniam
1053 3773 1171 3859 multa,
1192 3798 1297 3866 eaque-
1318 3796 1389 3865 qao:

371 3858 464 3929 unius
485 3868 607 3937 generrt
626 3848 710 3915 bona
736 3851 775 3915 ad
791 3848 978 3920 felrcrtatenr
995 3860 1214 3944 requiruntur,
1237 3882 1272 3931 ut
1293 3884 1385 3934 antee

371 3943 527 4015 (fiximus,
547 3952 588 4000 ne
608 3932 750 3999 constitit
761 3934 887 4015 quidem
904 3934 974 4005 satis
989 3940 1069 4010 inter
1077 3964 1208 4021 omnes,
1231 3969 1392 4035 quaenam,

371 4022 478 4097 caussa
493 4019 634 4086 efficiens
651 4014 812 4097 felicitatis
829 4018 919 4085 esset.
965 4022 1047 4093 Nam
1064 4046 1098 4095 ut
1109 4033 1147 4096 ad
1164 4032 1261 4115 ipsum
1273 4036 1385 4119 proxi·

371 4114 417 4187 mi
435 4104 546 4191 capitis
567 4102 661 4169 finem
684 4097 802 4198 dilium
830 4100 896 4183 est,
918 4107 1060 4256 quidam,
1082 4117 1135 4197 qui
1154 4116 1395 4201 intelligemur

373 4214 443 4264 eam
465 4192 497 4259 in
521 4183 693 4255 exercenda
713 4200 833 4251 vrrtute
859 4190 1047 4271 conlstere,
1073 4216 1176 4283 neque
1200 4200 1272 4273 satis
1293 4200 1392 4277 atine·

373 4282 530 4355 uirtutem
559 4288 578 4338 a
609 4268 737 4339 vlttutia
761 4272 988 4371 exercitatione
1007 4280 1266 4371 ‚damonem
1300 4290 1397 4387 idem

1317 4390 1390 4449 orna
