3475 5550
567 691 628 748 tn,
659 670 807 742 Antra.
843 667 1026 766 Epa-troa-
1060 669 1207 768 00,ou
1320 684 1396 790 ω

365 832 598 926 pulcherrimi,
628 833 662 898 dt
685 832 809 916 optime
833 829 1021 917 ostendunt,
1041 835 1205 918 quomodo
1232 835 1386 916 doceartu

369 927 493 1000 uirtus,
513 918 647 987 recitare
661 935 727 984 non
744 915 917 1001 gravabor:
939 917 1174 1004 insuerit,puter
1189 926 1317 1006 optimus
1330 925 1388 992 hoc

368 1029 410 1076 su
427 1009 492 1074 dte.
518 1009 565 1070 tic
580 1022 620 1070 nc
639 1009 750 1086 po'e'ras
769 1003 865 1066 modo
887 1001 917 1066 id
936 1001 1040 1066 dicere
1054 1004 1192 1086 puteris,
1213 1006 1382 1094 indicabo,

370 1109 406 1166 ex
422 1107 490 1176 quo
504 1085 599 1156 fonte
612 1101 679 1151 tum
699 1085 889 1162 Terentius,
912 1103 979 1152 tum
997 1085 1149 1154 Horatius
1165 1090 1247 1154 illam
1263 1094 1381 1160 docen·

368 1177 423 1246 dac
439 1175 569 1238 virtutis
593 1171 747 1238 rationem
767 1168 898 1238 hausisse
918 1169 1092 1240 videantur.
1132 1173 1224 1240 Plato
1239 1178 1332 1262 igitur
1346 1177 1379 1247 ia

319 1255 322 1260 ’
368 1263 541 1344 Protagora
554 1257 672 1324 eam&
693 1253 806 1334 tradit,
826 1256 855 1318 d
873 1255 1073 1324 commendat
1090 1255 1139 1322 his
1151 1259 1271 1326 vcrbis:
1293 1270 1380 1324 'exa-

368 1341 412 1414 h'v
429 1351 520 1422 pians
543 1351 614 1422 aaut,
632 1341 671 1408 als
694 1339 756 1405 dte.
795 1339 851 1406 Sic
867 1339 1106 1406 lacedaemonii
1118 1339 1259 1410 solebant
1278 1343 1381 1412 litlo-

361 1441 429 1508 μς,
447 1423 564 1510 quihus
583 1443 644 1509 pro
660 1422 821 1508 mancipiis
842 1422 1032 1502 utebantur,
1054 1423 1158 1492 ebrios
1176 1428 1206 1493 in
1222 1428 1380 1496 conuiuiis

368 1511 473 1596 libetis
499 1509 564 1575 suis
584 1524 838 1592 proponere,‚ut
859 1505 964 1574 alieno
987 1509 1133 1594 exemplo
1153 1512 1240 1595 pueri
1255 1527 1380 1578 auertu-

365 1611 472 1678 pcntur
485 1595 527 1660 ab
542 1593 716 1672 ebrietate,
738 1610 812 1658 cum
833 1592 995 1674 viderent,
1022 1609 1138 1677 quanta
1158 1597 1243 1664 inea
1263 1597 1378 1676 inesset

365 1679 538 1764 turpitudo.
564 1677 617 1745 Sic
624 1679 770 1744 Socrates
779 1674 925 1742 suadebat
942 1674 1213 1761 adolescentibus,
1229 1696 1283 1761 ut,
1300 1698 1376 1752 cunt

361 1751 881 1912 haexcandoissentflnipiccrcnt
897 1760 968 1838 sein
983 1759 1130 1846 speculo,
1154 1781 1189 1844 ut
1203 1782 1276 1850 cum
1292 1766 1380 1832 vidc-

364 1867 453 1929 rcnt,
477 1864 625 1932 quantam
641 1865 706 1910 oras
748 1845 965 1938 illortioncm,
985 1847 1296 1933 ac--dcprtvationcm
1308 1849 1378 1916 elli·

362 1949 449 2000 cerer
473 1933 536 2012 ira,
563 1951 602 1996 cx
623 1949 664 1996 oo
683 1930 915 2014 intelligerent,
938 1931 1085 2012 maiorem
1099 1932 1199 2000 ctiam
1224 1934 1373 2002 inanimo

361 2017 437 2092 ficri.
478 2019 533 2084 Sic
553 2015 644 2082 Zeno
666 2013 754 2098 satcpc
767 2015 903 2088 duccbat
923 2013 1092 2100 discipulos
1110 2013 1181 2084 suos
1200 2018 1238 2084 od
1252 2019 1378 2088 audicu-

361 2105 418 2172 dos
442 2099 606 2178 muficos,
627 2105 655 2163 dt
678 2099 807 2182 jubebat
822 2120 878 2168 eos
894 2118 935 2166 co
959 2100 1055 2182 itare,
1075 2119 1148 2170 cum
1167 2117 1229 2168 tam
1247 2104 1377 2188 pulchra

360 2183 510 2256 existeret
526 2185 686 2268 hamtonia
704 2202 742 2250 cx
754 2201 891 2265 vocum,
906 2119 1077 2270 radiumque
1087 2203 1264 2269 concentu,
1281 2207 1379 2272 quan·

362 2287 398 2340 to
410 2269 576 2358 pulchrior
589 2265 749 2350 essct'illa,
763 2289 854 2350 quam
869 2271 1030 2336 efficerent
1045 2287 1146 2354 partes
1154 2273 1246 2338 animi
1262 2269 1376 2353 rationi

359 2355 577 2433 obedientes,
602 2355 736 2420 &inter
760 2352 792 2419 sc
814 2354 1041 2434 concinentes,
1073 2373 1111 2419 ac
1134 2355 1378 2426 consentientes.

359 2439 516 2528 inigitur
537 2438 671 2504 docetur
684 2439 782 2504 virtus
798 2439 953 2506 tradendis
970 2439 1162 2522 praeceptis,
1179 2440 1375 2524 &exemplis

358 2523 589 2614 proponendis,
612 2520 720 2608 estquc
739 2525 837 2588 virtus
853 2525 987 2605 qttodam
1006 2523 1102 2590 modo
1120 2523 1256 2603 alsam,
1277 2527 1376 2604 recte,

381 2631 419 2677 ue
441 2607 555 2676 Persae
574 2607 602 2672 ci
623 2626 660 2672 ex
681 2607 784 2673 liberis
805 2609 917 2692 regiis,
942 2607 993 2690 qui
1017 2608 1170 2672 maximus
1186 2605 1375 2689 essetnatu,

357 2631 393 2768 K
413 2711 548 2762 mortuo
569 2711 657 2777 patra
675 2707 876 2776 maturus,
898 2691 1000 2756 adhuc
1016 2709 1115 2775 puero
1134 2691 1258 2756 virtutis
1280 2693 1376 2778 magi·

358 2780 439 2855 ilros
463 2779 592 2845 dabant.
636 2778 682 2842 lta
697 2780 779 2845 enim
803 2777 897 2843 tradit
917 2779 1007 2843 Plato
1022 2777 1051 2842 in
1069 2776 1229 2841 Alcibiade
1250 2778 1373 2860 primo,

380 2882 497 2931 uatuor
519 2864 549 2927 ei
575 2862 735 2947 magistros
755 2882 793 2929 ex
814 2861 901 2927 ouini
923 2862 1085 2929 Persarum
1114 2878 1209 2947 genre
1231 2862 1373 2945 deletlos

356 2884 471 3019 alitos
497 2948 586 3029 dari,
613 2966 733 3026 unum,
763 2948 816 3031 qui
840 2942 1099 3029 sapientissimus,
1128 2945 1285 3027 adrerum,
1315 2950 1371 3031 qui

355 3032 561 3125 institimus,
594 3031 745 3111 tertuum,
776 3031 829 3116 qui
864 3030 1178 3114 temperantissimus,
1207 3048 1373 3117 quartum,

358 3122 412 3205 qui
428 3114 620 3185 fortisiimus
633 3116 801 3182 videretur.
840 3117 961 3183 Primus
973 3114 1108 3181 docebar
1124 3133 1215 3188 eum,
1238 3134 1373 3197 quamn·

355 3204 398 3273 do
420 3202 517 3271 Deus
539 3199 691 3266 colendus
713 3198 813 3279 essct,
836 3202 865 3269 dt
893 3201 978 3283 quod
1001 3198 1081 3264 esset
1104 3200 1185 3284 rugis
1214 3198 1373 3267 officium·

356 3286 541 3367 secundus,
563 3300 599 3349 ut
616 3302 691 3349 sera
707 3284 977 3369 semperdiceret,
993 3300 1097 3367 neque
1111 3284 1174 3349 ulla
1190 3284 1268 3351 read
1284 3302 1371 3365 mem

357 3372 499 3439 tiendum
523 3368 741 3435 adduceretur.
783 3366 936 3448 Tertius,
959 3367 1123 3434 frenandas
1138 3365 1205 3433 esic
1216 3362 1370 3453 cupidita.

357 3472 419 3525 tes:
441 3454 552 3523 servos
562 3455 644 3519 onim
661 3452 865 3531 csseomnes,
879 3454 932 3535 qui
948 3451 1370 3536 sequerenturvoluptatcm.

355 3540 516 3633 Quartus,
528 3536 656 3605 fortiter
666 3536 823 3605 subeunda
837 3536 903 3602 esse
915 3538 1069 3622 pericula,
1081 3542 1112 3602 &
1121 3536 1279 3605 honestam
1289 3556 1372 3603 mora

359 3640 421 3699 tent
436 3624 521 3707 turpi
536 3624 621 3687 tritae
633 3623 894 3706 anteponendam.
915 3624 957 3687 Er
978 3621 1219 3689 odtinchoatur
1230 3641 1249 3687 a
1261 3638 1369 3689 natura

356 3710 477 3789 uirtus,
500 3710 530 3775 dt
548 3704 687 3773 dotlrina
704 3722 927 3791 promovetur.
949 3642 1002 3772 {d
1018 3705 1168 3773 haccduo
1181 3705 1256 3771 nihil
1271 3706 1370 3773 ellici·

354 3808 431 3877 unt,
451 3792 508 3861 nili
527 3788 694 3861 accesserit
709 3788 916 3857 consuetudo.
957 3791 1064 3883 Quare
1081 3806 1115 3857 ut
1134 3789 1309 3857 summatim
1320 3806 1372 3857 to·

354 3894 417 3945 tem
442 3878 526 3945 hanc
544 3874 787 3958 disputationem
801 3876 1124 3959 comprehendamus,
1143 3876 1271 3942 uirtutis
1286 3878 1371 3957 prin·

351 3964 430 4047 cipit
448 3978 580 4031 naturae
597 3961 771 4040 debentur,
797 3962 958 4027 doctrinae
983 3957 1180 4045 progressus,
1201 3959 1374 4029 consuetu·

352 4046 416 4115 dmi
441 4046 600 4132 perfetlio
651 4045 748 4112 Nunc
765 4045 963 4112 Aristotelem
979 4046 1157 4111 audiamus:

390 4150 478 4199 c.11.
498 4130 578 4195 ἐπὶ
593 4124 643 4213 h]
663 4128 763 4211 Hujus
777 4132 888 4214 eapitis
904 4128 1020 4197 summa
1031 4128 1096 4207 est3
1111 4128 1284 4211 cujusmodi
1300 4124 1368 4193 esse
1393 4177 1395 4181 .

350 4218 487 4291 debeant
513 4217 670 4288 artiones,
700 4234 782 4300 quae
805 4215 977 4301 gignendae
998 4212 1109 4281 uirtuti
1125 4213 1298 4281 efficienter
1314 4226 1369 4279 an·

350 4302 515 4375 oecodum.
562 4298 655 4373 initio
675 4316 779 4367 atatem
802 4301 866 4378 ait,
888 4296 1067 4367 necessario
1082 4297 1134 4367 hic
1148 4294 1369 4381 disputandum

345 4386 413 4461 eie
428 4385 473 4457 de
493 4380 689 4469 allionihus,
708 4384 794 4475 quod
809 4384 887 4452 haec
910 4376 1124 4473 philosophiae
1139 4398 1229 4467 put,
1250 4396 1312 4448 non
1330 4393 1366 4445 ur

968 4466 1005 4561 Q
1024 4486 1042 4535 2
1316 4480 1371 4537 ce·
