3475 5550
331 690 338 715 ³
374 675 444 765 '176
529 667 788 745 “He-‘'Az·
830 667 873 744 M
909 694 996 746 aaa
1035 677 1121 755 Μ
1159 679 1184 752 t'

379 835 551 914 meantem,
579 829 637 900 ob'
651 829 782 919 eamque
806 851 872 900 rem
894 854 919 900 a·
936 835 1132 905 condustore
1158 841 1395 927 increparetur}

380 927 501 992 {auerte
519 965 530 998 ,
571 920 672 1004 inqiut
688 935 711 992 ,·
730 923 894 984 ranulam:
924 941 993 986 moa
1014 928 1090 988 enirn
1113 940 1280 991 currentem
1309 929 1395 992 antie-

381 1015 451 1076 br‘t:
479 1008 523 1071 lta
549 1021 620 1070 eum
647 1019 706 1068 nos
730 1003 906 1087 iubebimus
930 1005 1058 1071 duarum
1079 1008 1231 1075 virtutum
1247 1012 1395 1082 ordinem

378 1093 546 1160 invertere.
598 1089 659 1176 Sed
687 1085 869 1154 Aristotelea
901 1088 1011 1156 bacln
1040 1107 1128 1175 parte
1151 1097 1312 1163 communi
1336 1096 1393 1162 bo-

380 1177 496 1244 minum
511 1167 647 1254 iodieim
669 1190 704 1236 nt
722 1191 776 1258 par
791 1171 836 1237 est
877 1171 1021 1238 tribuisse
1038 1175 1154 1262 aliquid
1169 1179 1303 1246 videtur.
1334 1181 1393 1245 Et·

380 1262 462 1326 enim
480 1259 546 1325 five
571 1256 813 1344 l'latonis‚'srve
834 1220 879 1322 f).
902 1257 1048 1344 Thomae
1062 1279 1136 1326 vera
1150 1260 1303 1330 sententia
1319 1263 1386 1352 est,

379 1343 550 1412 nonenim
578 1355 769 1437 magnopere
790 1341 984 1418 laboramus,
1017 1347 1192 1413 communis
1223 1345 1390 1418 bominum

375 1426 543 1496 cousensus
562 1427 728 1510 plunnium
746 1423 924 1490 fortitudini
947 1423 1061 1492 defert.
1103 1428 1255 1515 Magnum
1280 1436 1389 1516 enim3

376 1519 438 1581 nec
455 1510 633 1586 iulmerito,
647 1509 811 1576 videatuin
823 1509 952 1592 publico
966 1510 1103 1577 clvitatis
1116 1529 1220 1597 metu,
1241 1535 1280 1583 ae
1295 1518 1390 1606 trepl.
1418 1561 1423 1576 .

378 1599 510 1664 datione
526 1596 662 1660 irruenti
673 1593 740 1660 sele
758 1593 890 1660 bostium
914 1595 1029 1679 apruni
1045 1616 1230 1681 opponere,
1252 1621 1322 1668 nou·
1337 1595 1396 1667 tu·'

377 1684 498 1748 barum·
514 1676 644 1760 sonam,
670 1697 732 1745 non
747 1678 909 1766 'lituorum
930 1679 1131 1766 clangorem,
1154 1703 1217 1750 non
1229 1685 1396 1770 equoruu'r

377 1763 530 1833 liiiinitum
544 1759 646 1846 ‚·'r'iun
669 1761 824 1832 a'rmo'r'um
846 1760 1024 1847 fulgorem,
1048 1784 1111 1831 uon
1130 1769 1219 1833 avida
1237 1769 1401 1851 saumario.

378 1853 461 1931 tela,
487 1867 550 1915 non
576 1848 835 1914 crebnstmelos
854 1848 1002 1914 caedibus
1023 1849 1142 1933 gladios
1168 1835 1392 1938 extimescere,

376 1937 424 2004 alb
442 1934 537 2000 innuo
557 1933 683 1998 obviam
702 1931 917 2011 ileomnibut,
938 1931 1155 2017 &periculum
1172 1937 1211 2003 ab
1225 1938 1290 2005 aliis
1303 1957 1390 2023 prae·

378 2015 459 2088 senti
485 2021 572 2082 ritae
595 2013 669 2096 suae
690 2011 835 2100 'paritulo
857 2016 1035 2101 depellere,
1057 2037 1115 2104 pro
1135 2019 1213 2102 ari't,
1235 2019 1387 2108 orfocle,

376 2123 438 2190 pro
455 2099 601 2186 templis,
621 2118 658 2167 ae
675 2100 863 2181 moenibus,
885 2118 943 2185 pro
954 2097 1072 2182 salute,
1093 2121 1130 2168 ac
1145 2105 1289 2172 libertate
1297 2126 1390 2175 com·

378 2189 485 2268 inubi,
511 2186 613 2276 icius,
636 2183 782 2276 uulnera,
814 2201 950 2250 mortem
977 2185 1129 2268 denique,
1157 2189 1178 2256 fi
1205 2207 1254 2256 res
1283 2190 1365 2278 ferat
1377 2201 1394 2274 ,³

377 2291 442 2341 non
458 2271 602 2354 excipere
616 2285 758 2350 tantum,
780 2286 890 2334 cerum
908 2269 1000 2335 etiam
1016 2271 1101 2336 ultro
1113 2289 1273 2357 appetere.
1299 2275 1394 2344 Haec

357 2358 431 2442 ·qui
458 2354 674 2441 praestiterant
700 2352 841 2419 inomni
866 2369 987 2440 aetam
1019 2357 1099 2438 apud
1125 2378 1234 2424 omncs
1251 2361 1388 2446 populos

378 2439 473 2520 clari,
494 2437 650 2512 'illustrem'
674 2435 818 2504 honorati
843 2433 983 2504 fuerunt.
1026 2438 1090 2505 Illis
1116 2444 1299 2526 ovationes,
1320 2443 1392 2531 sup-

376 2523 581 2612 pacatiores,
602 2521 766 2606 triumplu,
787 2519 847 2587 ilia
873 2520 1009 2603 statuae,
1029 2541 1138 2606 arcus,
1161 2523 1311 2610 tropaea,
1327 2529 1389 2597 illia

377 2623 581 2678 monumenta
600 2606 744 2692 publica,
763 2605 823 2672 illis
843 2624 964 2672 annuae
988 2608 1197 2690 laudationes3
1217 2613 1279 2677 illie
1300 2611 1390 2682 eleni·

377 2713 441 2782 qua
461 2693 563 2759 omnia
580 2689 759 2776 singularia,
778 2692 809 2756 ἀ
828 2691 942 2756 divinis
954 2692 1126 2759 bonoribus
1143 2698 1285 2780 proxima
1298 2715 1390 2766 orna·

376 2794 483 2848 menta
511 2778 637 2844 decreta
663 2775 754 2853 lunt,
776 2777 878 2859 qualia
899 2791 952 2841 aut
974 2792 1148 2860 nonquam,
1166 2795 1220 2844 aut
1243 2800 1390 2868 perraro,

304 2891 308 2900 ·
377 2861 601 2947 temperantiae
611 2852 633 2932 ‚⁹
645 2858 836 2949 liberalitati,
858 2858 993 2941 iustitiae
1008 2861 1124 2927 tributa
1135 2862 1275 2946 legimus.
1302 2866 1390 2939 Duas

377 2950 454 3015 olim
465 2945 496 3011 in
510 2940 640 3008 Graecia
657 2942 845 3027 respublicas
857 2942 955 3008 fuisse
964 2946 1140 3028 acecpimus
1152 2949 1239 3015 inter
1250 2945 1285 3016 se
1296 2946 1390 3020 limil-

375 3034 487 3109 llmas,
514 3044 675 3113 paeneque
699 3028 854 3113 geminas.
885 3027 1090 3111 easdetnque,
1113 3047 1148 3096 ut
1168 3033 1278 3116 opinio
1300 3050 1398 3121 erat,·

378 3114 508 3201 optimis
541 3108 704 3190 institutit,
732 3127 770 3174 ac
795 3108 916 3193 legbas
942 3126 1146 3196 temperatas,
1167 3114 1401 3203 Cretensium

378 3201 412 3267 be
431 3194 759 3265 Lacedaemoniorum.
799 3194 915 3261 Earum
934 3195 1062 3264 alteram
1083 3197 1194 3267 Minoa
1212 3202 1252 3267 de
1266 3200 1394 3295 ·Jovis,'

378 3284 505 3351 alteram
527 3280 567 3344 de
588 3278 742 3364 Apollinis
762 3278 893 3344 corallo
914 3276 1078 3366 Lycurgus
1097 3284 1284 3368 temperasse
1299 3308 1390 3374 puta.

377 3370 480 3436 batur.
521 3363 665 3447 Utraque
689 3378 792 3429 autem
822 3363 852 3427 id
878 3366 1045 3451 praecipue
1075 3366 1252 3453 spectabat,
1280 3368 1397 3459 eoque‘

376 3447 536 3520 referebat
556 3449 689 3525 omnia,
712 3463 750 3512 at
776 3445 862 3513 cives
887 3467 980 3533 quam
998 3448 1178 3535 fortisssmi,
1199 3474 1237 3521 ac
1254 3455 1389 3526 Bellico-

376 3534 488 3606 fissami'
506 3532 694 3613 evaderent,
714 3531 850 3617 ideoque
871 3532 990 3618 scriplit
1012 3535 1117 3615 Plato,
1142 3556 1253 3604 omnem
1271 3532 1395 3611 morent'

377 3618 682 3690 Lacedaemoniorum
709 3615 927 3700 inflammatum
950 3617 1010 3700 esse
1031 3621 1202 3704 cupiditate
1222 3626 1389 3698 vincendis

379 3722 484 3789 neque
500 3702 562 3766 alio
577 3700 774 3785 pertinebant
787 3716 840 3773 aut
857 3703 1004 3770 convivia
1020 3704 1074 3769 illa
1086 3702 1116 3771 in
1133 3706 1281 3791 publico,
1302 3723 1399 3795 qliae·

377 3805 447 3857 tum
463 3785 607 3872 planitia,
632 3800 699 3853 tum
714 3782 831 3873 spantia
844 3786 1063 3868 nominabant,
1084 3804 1138 3854 aut
1161 3790 1332 3862 laboriosae
1350 3796 1387 3869 in

375 3868 539 3963 gymuafiia
561 3886 628 3936 tum
651 3886 839 3955 puerorum,
859 3885 927 3939 tum
949 3872 1102 3956 virgiuum
1123 3879 1364 3949 exercitationes
1371 3906 1399 3969 ,··

375 3972 433 4026 aut
457 3955 663 4035 cenationes,
687 3969 741 4018 aut
766 3952 912 4020 colonam
938 3956 1176 4043 perpesfiones,
1210 3981 1302 4046 quam
1323 3974 1396 4051 ut,'

375 4058 460 4125 quae
476 4038 552 4105 belli
571 4036 741 4127 becealitas
763 4034 846 4118 fert,
866 4037 907 4103 iis
919 4038 955 4105 iu
977 4056 1055 4122 pace
1071 4040 1167 4106 facile
1182 4042 1319 4115 ferendis
1335 4044 1400 4117 aa·¹

372 4124 552 4196 suen'erent.
572 4122 659 4217 Quin
675 4122 768 4187 marn
786 4119 1046 4204 lacedaemonii,
1063 4121 1119 4211 (*)
1131 4144 1201 4194 cum
1217 4136 1384 4221 ceteroqui

374 4231 395 4279 a
408 4202 546 4299 pauleia
558 4204 664 4275 studiis
679 4202 911 4290 alieniorem,
930 4219 1034 4296 utque
1047 4215 1212 4297 po'c'tamm
1223 4232 1333 4285 cantus
1347 4218 1388 4286 ll.

393 4316 1195 4489 rl'lfiiffffl'ss'lfffflw‘ffil‘fffflfflr
1212 4298 1389 4478 ΜΨ
