3475 5550
516 700 770 783 frustrer.
809 681 981 770 ersten
1025 677 1171 769 Cottia.
1289 707 1357 779 alle

354 861 421 928 erim
443 851 647 942 reprehensro
663 860 695 924 in
714 859 813 943 ipsum
833 855 1009 941 retorqueri
1023 855 1136 942 potest.
1178 855 1258 923 lllud
1277 875 1357 942 quo·

356 967 406 1032 que
418 963 484 1010 nou
501 943 608 1022 iniuria
621 943 785 1026 quaesterit
797 943 925 1026 aliquis‚
947 962 1004 1007 cur
1018 961 1108 1008 tanto
1124 940 1224 1006 studio
1244 943 1349 1009 Plato·

355 1031 485 1098 norum
500 1030 663 1110 princeps,
689 1029 849 1106 Plotinus‚
874 1026 1043 1106 Proculus,
1065 1026 1263 1108 Simplicius,
1287 1023 1354 1110 ipse

357 1112 525 1180 lirillotelis
548 1113 737 1194 argumentis
761 1111 967 1195 respondere,
987 1112 1017 1174 dt
1039 1108 1182 1174 adversus
1197 1128 1233 1175 ea
1247 1109 1354 1175 Plato

354 1197 392 1262 nir
414 1195 602 1262 sententiam
626 1193 797 1261 defendere
827 1194 972 1273 soleant,
1001 1193 1022 1259 st
1059 1211 1093 1257 ea
1120 1194 1197 1260 nillil
1223 1193 1262 1259 ad
1282 1195 1353 1260 Pla·

357 1293 452 1348 lenem
472 1279 662 1364 pertineant.
703 1278 785 1344 Nam
812 1278 831 1344 sr
853 1295 962 1343 contra
984 1296 1039 1343 eor
1055 1291 1174 1343 tantum
1191 1277 1356 1363 arg'umen.

357 1379 429 1430 tatur
446 1363 658 1441 aristoteles,
685 1363 737 1446 qui
759 1363 924 1429 Platonem
949 1362 1030 1427 male
1052 1362 1231 1446 intelligunt
1239 1365 1352 1446 ,quid

355 1448 469 1514 ousiae
481 1447 546 1525 eil,
571 1465 626 1511 cur
643 1463 696 1526 tu,
717 1448 770 1529 qui
797 1446 977 1512 Platonicus
995 1461 1249 1530 es,··argumeuta
1270 1448 1353 1514 illiue

356 1531 520 1600 dtsolvrsl
542 1529 635 1679 quast
664 1532 879 1614 imperitorum
903 1529 1114 1596 defensionem
1133 1528 1298 1614 suscipias,
1320 1533 1354 1600 dt

354 1617 467 1682 illorum
479 1635 556 1680 caus
570 1615 724 1681 elabores.
744 1613 946 1694 Postrem0‚sr
958 1612 1354 1697 Aristotelesipseclamat,

356 1701 382 1766 se
403 1701 567 1768 Platonem
589 1698 686 1848 ipsum
706 1713 833 1783 petere,
853 1701 884 1765 dt
905 1700 943 1763 ab
958 1717 998 1762 eo
1014 1698 1193 1779 dissentire,
1214 1701 1354 1778 &inter-

356 1785 419 1852 dum
439 1782 573 1850 excusat
610 1803 648 1864 e,
668 1800 704 1848 ut
719 1784 780 1847 hoc
795 1784 887 1860 loco,
909 1783 1063 1848 interdum
1081 1784 1196 1848 indicat
1215 1785 1357 1863 caussas,

354 1886 425 1954 qrrae
453 1869 617 1934 Platonem
646 1869 676 1934 in
698 1885 833 1931 errorem
858 1867 1063 1950 impulerunt:
1087 1868 1160 1947 quid
1183 1867 1245 1947 est,
1267 1869 1358 1951 quod

356 1955 509 2038 qusquam
522 1951 601 2017 velit
615 1949 790 2035 ingeniosus
800 1949 866 2015 esse
880 1951 908 2015 in
927 1950 1130 2016 conciliandis
1144 1951 1197 2031 iis,
1215 1961 1351 2036 quorum

357 2055 425 2104 irtus
449 2035 481 2102 se
501 2037 540 2100 ab
562 2037 661 2100 altero
676 2035 840 2101 dissentire
852 2034 1048 2115 profitetur?

393 2121 451 2190 Sed
470 2119 542 2185 sunt
553 2122 676 2203 quidam
688 2167 698 2197 ,
711 2119 825 2202 quibus
837 2117 927 2184 nefas
943 2119 1086 2198 videtur,
1102 2120 1200 2197 duos,
1214 2137 1352 2204 quorum

356 2203 546 2272 udottrina
569 2214 675 2290 magna
694 2203 731 2268 lit
753 2203 882 2286 opinio,
902 2202 1062 2268 dissentire
1082 2207 1161 2269 inter
1175 2203 1222 2287 se3
1245 2206 1352 2289 itaque

356 2290 448 2356 annia
460 2306 634 2369 conantur,
650 2305 684 2354 ut
699 2305 755 2352 eos
768 2288 861 2352 etiam
877 2287 993 2352 invitos
1012 2289 1041 2354 in
1057 2290 1259 2355 concordiam
1273 2290 1353 2355 redi·

357 2389 438 2456 gart,
455 2372 579 2456 qualem
599 2371 815 2438 suissedicunt
829 2372 858 2436 in
878 2371 1021 2437 medendi
1035 2388 1101 2437 arte
1113 2371 1119 2386 '
1133 2374 1283 2453 uendam,
1298 2375 1352 2439 cui

357 2475 388 2524 ta
399 2477 432 2524 te
444 2459 637 2522 consiliaturi
651 2475 765 2523 nomen
779 2457 910 2520 inditum
923 2454 982 2534 est,
998 2457 1111 2538 quode
1147 2475 1219 2521 cere
1229 2459 1354 2538 voluit,

355 2559 383 2608 ut
391 2546 471 2610 inter
487 2538 641 2605 Galenum
653 2544 683 2606 ἂ
695 2541 885 2605 Avicennam
902 2556 1054 2623 perpetuo
1068 2541 1263 2606 conveniret.
1281 2540 1354 2605 llle-

355 2627 437 2710 nini,
454 2644 528 2693 eum
551 2643 628 2706 puer
650 2625 679 2690 in
699 2623 793 2689 studia
807 2624 882 2705 juris
897 2623 999 2687 civilis
1013 2624 1245 2704 incumberent,
1267 2625 1351 2694 idem

352 2711 485 2789 inditate
512 2708 623 2783 solitos¹
638 2706 796 2793 magistros
819 2725 925 2784 meos,
945 2707 999 2789 qui
1016 2723 1138 2771 veteres
1153 2707 1352 2789 jurisconsul-

354 2816 416 2880 tus,
435 2796 533 2863 etiam
549 2796 579 2859 in
599 2796 657 2872 iis,
676 2793 835 2876 inquibus
853 2790 1017 2857 constabat
1035 2793 1126 2855 alium
1145 2794 1234 2857 aliter
1245 2794 1351 2860 sensis.

353 2880 395 2962 se,
413 2898 469 2947 aut
481 2876 722 2953 constitutiones
739 2876 963 2960 imperatorum
973 2888 1044 2939 cum
1058 2874 1207 2959 responsis
1219 2879 1352 2959 pruden-

350 2982 428 3045 tum,
448 2968 545 3029 etiam
569 2982 638 3041 eas,
666 2962 779 3045 quibus
802 2961 850 3042 jus
878 2961 1037 3042 antiquum
1065 2962 1241 3025 cortesium
1262 2978 1349 3043 erat,

351 3068 474 3135 quoquo
496 3047 591 3113 modu
605 3064 707 3111 tamen
733 3042 900 3111 conciliare
921 3044 1110 3110 nitebantur.
1153 3046 1248 3134 Quod
1268 3047 1351 3113 idem
1409 3044 1414 3055 '

349 3131 571 3231 putoevenisse
584 3131 638 3207 iis,
658 3131 710 3214 qul
722 3130 971 3207 contenderunt,
994 3127 1193 3194 Aristotelem
1203 3131 1244 3195 de
1257 3132 1350 3196 rebus

350 3220 413 3303 plis
425 3219 511 3283 idem
525 3214 667 3293 sensisse,
685 3214 770 3296 quod
787 3214 967 3288 Platonem,
988 3230 1060 3277 cum
1080 3229 1201 3292 tamen,
1224 3229 1258 3277 ut
1276 3232 1353 3280 ante
1382 3270 1384 3275 .

348 3304 424 3381 diri,
446 3322 488 3368 ex
506 3300 598 3385 ipsrus
614 3298 717 3363 verbis
735 3300 805 3362 luce
824 3297 988 3362 meridiana
1006 3293 1075 3380 (*)
1091 3296 1202 3362 clarius
1217 3298 1350 3381 perspici

399 3388 457 3463 sat,
478 3385 586 3451 multis
604 3386 634 3448 in
652 3382 742 3447 rebus
757 3401 825 3455 eum
844 3402 861 3445 a
881 3382 1016 3445 Platonis
1031 3380 1150 3460 judicio
1164 3379 1351 3465 discrepare.

345 3406 411 3540 Risi
428 3469 519 3535 forte
530 3488 602 3533 cum
617 3468 648 3532 in
665 3466 802 3548 politicis
821 3469 861 3529 ita
881 3465 1015 3547 disputat
1027 3464 1170 3530 adversus
1184 3482 1348 3550 utramque

351 3556 483 3623 Platonis
506 3572 606 3635 remp.
622 3568 656 3614 ut
674 3568 771 3633 prope
784 3549 859 3627 nilril
875 3550 986 3633 probet
1007 3552 1136 3619 eorum.
1156 3568 1235 3631 quae
1253 3551 1346 3615 Plato

348 3640 480 3717 durrat,
504 3637 599 3701 verba
619 3652 737 3699 tarrtum
761 3634 923 3717 aucupari,
944 3650 1062 3697 aenon
1085 3633 1161 3714 ipsas
1179 3634 1348 3701 sententias

349 3723 524 3791 convellere
554 3724 584 3787 dc
612 3718 967 3785 ubefauarevrdearnr.
1015 3716 1120 3810 Quid,
1151 3718 1180 3784 in
1201 3718 1285 3783 libris
1305 3721 1346 3784 de

347 3810 457 3887 anima,
478 3822 553 3871 cum
572 3805 613 3869 de
636 3809 802 3868 oculorum
819 3801 906 3868 sensu
929 3800 1090 3881 disputat,
1113 3804 1142 3867 dt
1163 3803 1270 3865 videre
1284 3824 1346 3869 nos

348 3912 402 3959 non
421 3890 617 3961 emittendo,
642 3886 693 3951 sed
708 3889 890 3970 accipiendo
902 3888 1013 3963 docet,
1035 3885 1182 3969 numquid
1201 3888 1346 3955 voculam

306 3996 308 4037 :
347 3976 469 4059 aliquam
494 3972 634 4041 Platonis
659 3970 817 4051 cavillari,
851 3988 889 4036 an
916 3969 1097 4035 sententiam
1125 3969 1220 4052 ipsam
1247 3974 1349 4055 rc'p're.

306 4062 308 4085 '
346 4060 472 4127 bendere
492 4058 643 4122 videtur?
664 4056 770 4150 Quid,
788 4058 818 4121 in
833 4056 918 4120 libris
934 4055 974 4117 de
987 4053 1092 4129 caelo,
1117 4073 1189 4118 cuin
1210 4054 1344 4135 disputa·

349 4158 447 4226 turus,
471 4143 572 4220 suerit
585 4160 627 4206 ne
643 4141 772 4205 mundus
791 4140 929 4207 exomni
948 4139 1148 4239 aeternitate,
1161 4158 1198 4206 an
1210 4140 1346 4291 aliquas·

1159 4251 1162 4261 ·
1219 4252 1222 4259 ·
1324 4240 1346 4288 o

371 4330 426 4408 (⁹)
445 4332 552 4388 Veteres
567 4329 595 4385 ie
613 4328 662 4385 hnc
673 4324 787 4385 formula
798 4322 927 4382 nsidera
945 4322 1078 4398 omittant,
1215 4338 1217 4343 ·
1335 4330 1343 4353 '
